Timestamp,Last,Volume,Bid,Ask,Spread,BidPrice1,BidQty1,BidPrice2,BidQty2,BidPrice3,BidQty3,BidPrice4,BidQty4,BidPrice5,BidQty5,BidPrice6,BidQty6,BidPrice7,BidQty7,BidPrice8,BidQty8,BidPrice9,BidQty9,BidPrice10,BidQty10,AskPrice1,AskQty1,AskPrice2,AskQty2,AskPrice3,AskQty3,AskPrice4,AskQty4,AskPrice5,AskQty5,AskPrice6,AskQty6,AskPrice7,AskQty7,AskPrice8,AskQty8,AskPrice9,AskQty9,AskPrice10,AskQty10,Aggressor,CurBarBuyVol,CurBarSellVol,CurBarTotalVol,CurBarDelta,CurBarMaxSeen,CurBarMinSeen,CurBarRange,CurBarBodyPct,CurBarOpen,CurBarHigh,CurBarLow,CurBarClose,PrevBarBuyVol,PrevBarSellVol,PrevBarTotalVol,PrevBarDelta,PrevBarMaxSeen,PrevBarMinSeen,PrevBarRange,PrevBarBodyPct,PrevBar30sAggDelta,PrevBar30sTradeCount,PrevBarAbsorbRatio,IntraAbsorbRatio,CumDelta5Bars,CumDelta10Bars,HTFEmaValue,HTFEmaSlope,HTFEmaDir,H2_HourlyVolBaseline,H2_PrevBarVolMultiple,ATRValue
20260716 205959 153,3980.30,1,3978.70,3982.00,3.30,0.00,0,0.00,0,0.00,0,0.00,0,0.00,0,0.00,0,0.00,0,0.00,0,0.00,0,0.00,0,0.00,0,0.00,0,0.00,0,0.00,0,0.00,0,0.00,0,0.00,0,0.00,0,0.00,0,0.00,0,Mid,98,53,151,45.00,55.00,-10.00,1.20,16.7,3980.50,3981.10,3979.90,3980.30,21,25,46,-4.00,8.00,-6.00,0.40,25.0,0,0,0.5000,0.2222,67.00,69.00,3988.04,-1.0141,DOWN,50.25,0.9154,0.9923
20260716 220000 316,3981.90,2,3991.10,3979.80,0.00,3991.10,1,3990.00,1,3981.60,1,3980.00,2,3979.90,1,3978.00,2,3977.30,1,3977.20,1,3977.00,1,3976.90,1,3979.80,1,3980.40,1,3982.00,5,3983.00,12,3983.70,1,3984.00,1,3984.30,2,3984.40,1,3984.60,1,3985.00,6,Buy,2,0,2,2.00,2.00,2.00,0.00,0.0,3981.90,3981.90,3981.90,3981.90,98,53,151,45.00,55.00,-10.00,1.20,16.7,0,0,0.2222,0.0000,81.00,61.00,3987.45,-0.8223,DOWN,103.75,1.4554,1.0357
20260716 220000 456,3981.60,1,3980.10,3980.70,0.60,3980.10,1,3980.00,5,3979.90,2,3979.40,1,3978.10,1,3978.00,2,3977.30,1,3977.20,1,3977.00,1,3976.90,1,3980.70,1,3980.80,1,3981.90,5,3982.00,6,3983.00,13,3983.70,1,3984.00,1,3984.30,2,3984.40,2,3984.60,1,Sell,2,1,3,1.00,2.00,1.00,0.30,100.0,3981.90,3981.90,3981.60,3981.60,98,53,151,45.00,55.00,-10.00,1.20,16.7,0,0,0.2222,1.0000,80.00,60.00,3987.42,-0.8318,DOWN,103.75,1.4554,1.0357
20260716 220000 524,3980.80,1,3981.60,3982.40,0.80,3981.60,1,3981.50,2,3981.40,3,3981.30,2,3981.20,1,3981.10,3,3980.30,2,3980.00,3,3979.90,7,3979.70,5,3982.40,2,3982.50,2,3982.80,2,3983.00,14,3983.30,1,3983.40,2,3983.50,2,3983.70,3,3983.80,1,3983.90,1,Buy,3,1,4,2.00,2.00,1.00,1.10,100.0,3981.90,3981.90,3980.80,3980.80,98,53,151,45.00,55.00,-10.00,1.20,16.7,0,0,0.2222,0.0000,81.00,61.00,3987.35,-0.8572,DOWN,103.75,1.4554,1.0357
20260716 220000 526,3980.60,1,3981.60,3982.40,0.80,3981.60,1,3981.50,2,3981.40,3,3981.30,2,3981.20,1,3981.10,3,3980.30,2,3980.00,3,3979.90,7,3979.70,5,3982.40,2,3982.50,2,3982.80,2,3983.00,14,3983.30,1,3983.40,2,3983.50,2,3983.70,3,3983.80,1,3983.90,1,Buy,4,1,5,3.00,3.00,1.00,1.30,100.0,3981.90,3981.90,3980.60,3980.60,98,53,151,45.00,55.00,-10.00,1.20,16.7,0,0,0.2222,0.0000,82.00,62.00,3987.33,-0.8636,DOWN,103.75,1.4554,1.0357
20260716 220000 526,3980.90,1,3981.60,3982.40,0.80,3981.60,1,3981.50,2,3981.40,3,3981.30,2,3981.20,1,3981.10,3,3980.30,2,3980.00,3,3979.90,7,3979.70,5,3982.40,2,3982.50,2,3982.80,2,3983.00,14,3983.30,1,3983.40,2,3983.50,2,3983.70,3,3983.80,1,3983.90,1,Buy,5,1,6,4.00,4.00,1.00,1.30,76.9,3981.90,3981.90,3980.60,3980.90,98,53,151,45.00,55.00,-10.00,1.20,16.7,0,0,0.2222,0.0000,83.00,63.00,3987.36,-0.8540,DOWN,103.75,1.4554,1.0357
20260716 220000 526,3981.40,1,3981.60,3982.40,0.80,3981.60,1,3981.50,2,3981.40,3,3981.30,2,3981.20,1,3981.10,3,3980.30,2,3980.00,3,3979.90,7,3979.70,5,3982.40,2,3982.50,2,3982.80,2,3983.00,14,3983.30,1,3983.40,2,3983.50,2,3983.70,3,3983.80,1,3983.90,1,Buy,6,1,7,5.00,5.00,1.00,1.30,38.5,3981.90,3981.90,3980.60,3981.40,98,53,151,45.00,55.00,-10.00,1.20,16.7,0,0,0.2222,0.0000,84.00,64.00,3987.40,-0.8382,DOWN,103.75,1.4554,1.0357
20260716 220000 533,3981.20,1,3981.60,3982.40,0.80,3981.60,1,3981.50,2,3981.40,3,3981.30,2,3981.20,1,3981.10,3,3980.30,2,3980.00,3,3979.90,7,3979.70,5,3982.40,2,3982.50,2,3982.80,2,3983.00,14,3983.30,1,3983.40,2,3983.50,2,3983.70,3,3983.80,1,3983.90,1,Buy,7,1,8,6.00,6.00,1.00,1.30,53.8,3981.90,3981.90,3980.60,3981.20,98,53,151,45.00,55.00,-10.00,1.20,16.7,0,0,0.2222,0.0000,85.00,65.00,3987.38,-0.8445,DOWN,103.75,1.4554,1.0357
20260716 220000 542,3981.30,1,3981.60,3982.40,0.80,3981.60,1,3981.50,2,3981.40,3,3981.30,2,3981.20,1,3981.10,3,3980.30,2,3980.00,3,3979.90,7,3979.70,5,3982.40,2,3982.50,2,3982.80,2,3983.00,14,3983.30,1,3983.40,2,3983.50,2,3983.70,3,3983.80,1,3983.90,1,Buy,8,1,9,7.00,7.00,1.00,1.30,46.2,3981.90,3981.90,3980.60,3981.30,98,53,151,45.00,55.00,-10.00,1.20,16.7,0,0,0.2222,0.0000,86.00,66.00,3987.39,-0.8413,DOWN,103.75,1.4554,1.0357
20260716 220000 545,3981.00,1,3981.60,3982.40,0.80,3981.60,1,3981.50,2,3981.40,3,3981.30,2,3981.20,1,3981.10,3,3980.30,2,3980.00,3,3979.90,7,3979.70,5,3982.40,2,3982.50,2,3982.80,2,3983.00,14,3983.30,1,3983.40,2,3983.50,2,3983.70,3,3983.80,1,3983.90,1,Sell,8,2,10,6.00,7.00,1.00,1.30,69.2,3981.90,3981.90,3980.60,3981.00,98,53,151,45.00,55.00,-10.00,1.20,16.7,0,0,0.2222,0.1667,85.00,65.00,3987.37,-0.8509,DOWN,103.75,1.4554,1.0357
20260716 220000 551,3981.30,1,3981.60,3982.40,0.80,3981.60,1,3981.50,2,3981.40,3,3981.30,2,3981.20,1,3981.10,3,3980.30,2,3980.00,3,3979.90,7,3979.70,5,3982.40,2,3982.50,2,3982.80,2,3983.00,14,3983.30,1,3983.40,2,3983.50,2,3983.70,3,3983.80,1,3983.90,1,Sell,8,3,11,5.00,7.00,1.00,1.30,46.2,3981.90,3981.90,3980.60,3981.30,98,53,151,45.00,55.00,-10.00,1.20,16.7,0,0,0.2222,0.4000,84.00,64.00,3987.39,-0.8413,DOWN,103.75,1.4554,1.0357
20260716 220000 557,3981.70,1,3981.60,3982.40,0.80,3981.60,1,3981.50,2,3981.40,3,3981.30,2,3981.20,1,3981.10,3,3980.30,2,3980.00,3,3979.90,7,3979.70,5,3982.40,2,3982.50,2,3982.80,2,3983.00,14,3983.30,1,3983.40,2,3983.50,2,3983.70,3,3983.80,1,3983.90,1,Buy,9,3,12,6.00,7.00,1.00,1.30,15.4,3981.90,3981.90,3980.60,3981.70,98,53,151,45.00,55.00,-10.00,1.20,16.7,0,0,0.2222,0.1667,85.00,65.00,3987.43,-0.8286,DOWN,103.75,1.4554,1.0357
20260716 220000 557,3981.70,1,3981.60,3982.40,0.80,3981.60,1,3981.50,2,3981.40,3,3981.30,2,3981.20,1,3981.10,3,3980.30,2,3980.00,3,3979.90,7,3979.70,5,3982.40,2,3982.50,2,3982.80,2,3983.00,14,3983.30,1,3983.40,2,3983.50,2,3983.70,3,3983.80,1,3983.90,1,Buy,10,3,13,7.00,7.00,1.00,1.30,15.4,3981.90,3981.90,3980.60,3981.70,98,53,151,45.00,55.00,-10.00,1.20,16.7,0,0,0.2222,0.0000,86.00,66.00,3987.43,-0.8286,DOWN,103.75,1.4554,1.0357
20260716 220000 564,3982.00,1,3981.60,3982.40,0.80,3981.60,1,3981.50,2,3981.40,3,3981.30,2,3981.20,1,3981.10,3,3980.30,2,3980.00,3,3979.90,7,3979.70,5,3982.40,2,3982.50,2,3982.80,2,3983.00,14,3983.30,1,3983.40,2,3983.50,2,3983.70,3,3983.80,1,3983.90,1,Buy,11,3,14,8.00,8.00,1.00,1.40,7.1,3981.90,3982.00,3980.60,3982.00,98,53,151,45.00,55.00,-10.00,1.20,16.7,0,0,0.2222,0.0000,87.00,67.00,3987.46,-0.8191,DOWN,103.75,1.4554,1.0429
20260716 220000 564,3982.00,1,3981.60,3982.40,0.80,3981.60,1,3981.50,2,3981.40,3,3981.30,2,3981.20,1,3981.10,3,3980.30,2,3980.00,3,3979.90,7,3979.70,5,3982.40,2,3982.50,2,3982.80,2,3983.00,14,3983.30,1,3983.40,2,3983.50,2,3983.70,3,3983.80,1,3983.90,1,Buy,12,3,15,9.00,9.00,1.00,1.40,7.1,3981.90,3982.00,3980.60,3982.00,98,53,151,45.00,55.00,-10.00,1.20,16.7,0,0,0.2222,0.0000,88.00,68.00,3987.46,-0.8191,DOWN,103.75,1.4554,1.0429
20260716 220000 569,3982.00,3,3981.60,3982.40,0.80,3981.60,1,3981.50,2,3981.40,3,3981.30,2,3981.20,1,3981.10,3,3980.30,2,3980.00,3,3979.90,7,3979.70,5,3982.40,2,3982.50,2,3982.80,2,3983.00,14,3983.30,1,3983.40,2,3983.50,2,3983.70,3,3983.80,1,3983.90,1,Buy,15,3,18,12.00,12.00,1.00,1.40,7.1,3981.90,3982.00,3980.60,3982.00,98,53,151,45.00,55.00,-10.00,1.20,16.7,0,0,0.2222,0.0000,91.00,71.00,3987.46,-0.8191,DOWN,103.75,1.4554,1.0429
20260716 220000 664,3981.60,1,3981.30,3981.80,0.50,3981.30,1,3981.20,2,3981.10,2,3980.30,3,3980.10,1,3980.00,3,3979.90,2,3979.60,1,3979.50,5,3979.40,1,3981.80,1,3981.90,3,3982.00,3,3982.10,2,3982.20,3,3982.30,2,3982.80,2,3982.90,2,3983.00,16,3983.10,2,Sell,15,4,19,11.00,12.00,1.00,1.40,21.4,3981.90,3982.00,3980.60,3981.60,98,53,151,45.00,55.00,-10.00,1.20,16.7,0,0,0.2222,0.0909,90.00,70.00,3987.42,-0.8318,DOWN,103.75,1.4554,1.0429
20260716 220000 664,3981.60,1,3981.30,3981.80,0.50,3981.30,1,3981.20,2,3981.10,2,3980.30,3,3980.10,1,3980.00,3,3979.90,2,3979.60,1,3979.50,5,3979.40,1,3981.80,1,3981.90,3,3982.00,3,3982.10,2,3982.20,3,3982.30,2,3982.80,2,3982.90,2,3983.00,16,3983.10,2,Sell,15,5,20,10.00,12.00,1.00,1.40,21.4,3981.90,3982.00,3980.60,3981.60,98,53,151,45.00,55.00,-10.00,1.20,16.7,0,0,0.2222,0.2000,89.00,69.00,3987.42,-0.8318,DOWN,103.75,1.4554,1.0429
20260716 220000 688,3982.20,1,3981.30,3981.80,0.50,3981.30,1,3981.20,2,3981.10,2,3980.30,3,3980.10,1,3980.00,3,3979.90,2,3979.60,1,3979.50,5,3979.40,1,3981.80,1,3981.90,3,3982.00,3,3982.10,2,3982.20,3,3982.30,2,3982.80,2,3982.90,2,3983.00,16,3983.10,2,Buy,16,5,21,11.00,12.00,1.00,1.60,18.7,3981.90,3982.20,3980.60,3982.20,98,53,151,45.00,55.00,-10.00,1.20,16.7,0,0,0.2222,0.0909,90.00,70.00,3987.48,-0.8128,DOWN,103.75,1.4554,1.0572
20260716 220000 693,3982.00,1,3981.30,3981.80,0.50,3981.30,1,3981.20,2,3981.10,2,3980.30,3,3980.10,1,3980.00,3,3979.90,2,3979.60,1,3979.50,5,3979.40,1,3981.80,1,3981.90,3,3982.00,3,3982.10,2,3982.20,3,3982.30,2,3982.80,2,3982.90,2,3983.00,16,3983.10,2,Buy,17,5,22,12.00,12.00,1.00,1.60,6.2,3981.90,3982.20,3980.60,3982.00,98,53,151,45.00,55.00,-10.00,1.20,16.7,0,0,0.2222,0.0000,91.00,71.00,3987.46,-0.8191,DOWN,103.75,1.4554,1.0572
20260716 220000 701,3981.60,1,3981.30,3981.80,0.50,3981.30,1,3981.20,2,3981.10,2,3980.30,3,3980.10,1,3980.00,3,3979.90,2,3979.60,1,3979.50,5,3979.40,1,3981.80,1,3981.90,3,3982.00,3,3982.10,2,3982.20,3,3982.30,2,3982.80,2,3982.90,2,3983.00,16,3983.10,2,Sell,17,6,23,11.00,12.00,1.00,1.60,18.8,3981.90,3982.20,3980.60,3981.60,98,53,151,45.00,55.00,-10.00,1.20,16.7,0,0,0.2222,0.0909,90.00,70.00,3987.42,-0.8318,DOWN,103.75,1.4554,1.0572
20260716 220000 701,3981.60,1,3981.30,3981.80,0.50,3981.30,1,3981.20,2,3981.10,2,3980.30,3,3980.10,1,3980.00,3,3979.90,2,3979.60,1,3979.50,5,3979.40,1,3981.80,1,3981.90,3,3982.00,3,3982.10,2,3982.20,3,3982.30,2,3982.80,2,3982.90,2,3983.00,16,3983.10,2,Sell,17,7,24,10.00,12.00,1.00,1.60,18.8,3981.90,3982.20,3980.60,3981.60,98,53,151,45.00,55.00,-10.00,1.20,16.7,0,0,0.2222,0.2000,89.00,69.00,3987.42,-0.8318,DOWN,103.75,1.4554,1.0572
20260716 220000 701,3981.50,1,3981.30,3981.80,0.50,3981.30,1,3981.20,2,3981.10,2,3980.30,3,3980.10,1,3980.00,3,3979.90,2,3979.60,1,3979.50,5,3979.40,1,3981.80,1,3981.90,3,3982.00,3,3982.10,2,3982.20,3,3982.30,2,3982.80,2,3982.90,2,3983.00,16,3983.10,2,Sell,17,8,25,9.00,12.00,1.00,1.60,25.0,3981.90,3982.20,3980.60,3981.50,98,53,151,45.00,55.00,-10.00,1.20,16.7,0,0,0.2222,0.3333,88.00,68.00,3987.41,-0.8350,DOWN,103.75,1.4554,1.0572
20260716 220000 701,3981.50,1,3981.30,3981.80,0.50,3981.30,1,3981.20,2,3981.10,2,3980.30,3,3980.10,1,3980.00,3,3979.90,2,3979.60,1,3979.50,5,3979.40,1,3981.80,1,3981.90,3,3982.00,3,3982.10,2,3982.20,3,3982.30,2,3982.80,2,3982.90,2,3983.00,16,3983.10,2,Sell,17,9,26,8.00,12.00,1.00,1.60,25.0,3981.90,3982.20,3980.60,3981.50,98,53,151,45.00,55.00,-10.00,1.20,16.7,0,0,0.2222,0.5000,87.00,67.00,3987.41,-0.8350,DOWN,103.75,1.4554,1.0572
20260716 220000 701,3981.40,1,3981.30,3981.80,0.50,3981.30,1,3981.20,2,3981.10,2,3980.30,3,3980.10,1,3980.00,3,3979.90,2,3979.60,1,3979.50,5,3979.40,1,3981.80,1,3981.90,3,3982.00,3,3982.10,2,3982.20,3,3982.30,2,3982.80,2,3982.90,2,3983.00,16,3983.10,2,Sell,17,10,27,7.00,12.00,1.00,1.60,31.3,3981.90,3982.20,3980.60,3981.40,98,53,151,45.00,55.00,-10.00,1.20,16.7,0,0,0.2222,0.7143,86.00,66.00,3987.40,-0.8382,DOWN,103.75,1.4554,1.0572
20260716 220000 701,3981.40,1,3981.30,3981.80,0.50,3981.30,1,3981.20,2,3981.10,2,3980.30,3,3980.10,1,3980.00,3,3979.90,2,3979.60,1,3979.50,5,3979.40,1,3981.80,1,3981.90,3,3982.00,3,3982.10,2,3982.20,3,3982.30,2,3982.80,2,3982.90,2,3983.00,16,3983.10,2,Sell,17,11,28,6.00,12.00,1.00,1.60,31.3,3981.90,3982.20,3980.60,3981.40,98,53,151,45.00,55.00,-10.00,1.20,16.7,0,0,0.2222,1.0000,85.00,65.00,3987.40,-0.8382,DOWN,103.75,1.4554,1.0572
20260716 220000 736,3981.80,1,3981.30,3981.80,0.50,3981.40,3,3981.30,2,3981.20,3,3981.10,3,3980.30,3,3980.00,4,3979.90,3,3979.70,1,3979.50,2,3979.40,1,3982.10,4,3982.20,4,3982.30,2,3982.80,2,3983.00,15,3983.10,1,3983.30,1,3983.50,1,3983.70,3,3983.80,1,Buy,18,11,29,7.00,12.00,1.00,1.60,6.2,3981.90,3982.20,3980.60,3981.80,98,53,151,45.00,55.00,-10.00,1.20,16.7,0,0,0.2222,0.7143,86.00,66.00,3987.44,-0.8255,DOWN,103.75,1.4554,1.0572
20260716 220000 827,3981.40,1,3981.10,3981.80,0.70,3981.10,2,3980.30,3,3980.00,4,3979.90,2,3979.50,2,3979.40,1,3979.30,2,3979.20,1,3979.10,1,3979.00,5,3981.80,1,3981.90,3,3982.10,3,3982.20,3,3982.30,2,3982.80,2,3983.00,15,3983.10,1,3983.30,1,3983.50,1,Sell,18,12,30,6.00,12.00,1.00,1.60,31.3,3981.90,3982.20,3980.60,3981.40,98,53,151,45.00,55.00,-10.00,1.20,16.7,0,0,0.2222,1.0000,85.00,65.00,3987.40,-0.8382,DOWN,103.75,1.4554,1.0572
20260716 220000 827,3981.40,1,3981.10,3981.80,0.70,3981.10,2,3980.30,3,3980.00,4,3979.90,2,3979.50,2,3979.40,1,3979.30,2,3979.20,1,3979.10,1,3979.00,5,3981.80,1,3981.90,3,3982.10,3,3982.20,3,3982.30,2,3982.80,2,3983.00,15,3983.10,1,3983.30,1,3983.50,1,Sell,18,13,31,5.00,12.00,1.00,1.60,31.3,3981.90,3982.20,3980.60,3981.40,98,53,151,45.00,55.00,-10.00,1.20,16.7,0,0,0.2222,1.4000,84.00,64.00,3987.40,-0.8382,DOWN,103.75,1.4554,1.0572
20260716 220000 827,3981.40,1,3981.10,3981.80,0.70,3981.10,2,3980.30,3,3980.00,4,3979.90,2,3979.50,2,3979.40,1,3979.30,2,3979.20,1,3979.10,1,3979.00,5,3981.80,1,3981.90,3,3982.10,3,3982.20,3,3982.30,2,3982.80,2,3983.00,15,3983.10,1,3983.30,1,3983.50,1,Sell,18,14,32,4.00,12.00,1.00,1.60,31.3,3981.90,3982.20,3980.60,3981.40,98,53,151,45.00,55.00,-10.00,1.20,16.7,0,0,0.2222,2.0000,83.00,63.00,3987.40,-0.8382,DOWN,103.75,1.4554,1.0572
20260716 220000 832,3981.20,2,3981.10,3981.80,0.70,3981.10,2,3980.30,3,3980.00,4,3979.90,2,3979.50,2,3979.40,1,3979.30,2,3979.20,1,3979.10,1,3979.00,5,3981.80,1,3981.90,3,3982.10,3,3982.20,3,3982.30,2,3982.80,2,3983.00,15,3983.10,1,3983.30,1,3983.50,1,Sell,18,16,34,2.00,12.00,1.00,1.60,43.8,3981.90,3982.20,3980.60,3981.20,98,53,151,45.00,55.00,-10.00,1.20,16.7,0,0,0.2222,5.0000,81.00,61.00,3987.38,-0.8445,DOWN,103.75,1.4554,1.0572
20260716 220000 887,3981.80,1,3981.10,3981.80,0.70,3981.10,2,3980.40,1,3980.30,3,3980.00,4,3979.90,2,3979.70,1,3979.60,1,3979.50,2,3979.40,1,3979.30,2,3981.80,2,3981.90,2,3982.10,3,3982.20,3,3982.30,2,3982.80,2,3983.00,15,3983.30,1,3983.50,1,3983.70,3,Buy,19,16,35,3.00,12.00,1.00,1.60,6.2,3981.90,3982.20,3980.60,3981.80,98,53,151,45.00,55.00,-10.00,1.20,16.7,0,0,0.2222,3.0000,82.00,62.00,3987.44,-0.8255,DOWN,103.75,1.4554,1.0572
20260716 220000 930,3981.80,1,3981.10,3981.80,0.70,3981.10,2,3980.40,1,3980.30,3,3980.00,4,3979.90,2,3979.70,1,3979.60,1,3979.50,2,3979.40,1,3979.30,2,3981.80,2,3981.90,2,3982.10,3,3982.20,3,3982.30,2,3982.80,2,3983.00,15,3983.30,1,3983.50,1,3983.70,3,Buy,20,16,36,4.00,12.00,1.00,1.60,6.2,3981.90,3982.20,3980.60,3981.80,98,53,151,45.00,55.00,-10.00,1.20,16.7,0,0,0.2222,2.0000,83.00,63.00,3987.44,-0.8255,DOWN,103.75,1.4554,1.0572
20260716 220001 080,3981.70,1,3981.10,3981.90,0.80,3980.40,2,3980.30,3,3980.00,4,3979.90,2,3979.40,1,3979.30,1,3979.20,5,3979.10,5,3979.00,5,3978.90,5,3981.20,1,3981.40,2,3981.50,1,3981.60,1,3981.70,2,3981.80,1,3981.90,1,3982.00,1,3982.20,3,3982.30,3,Buy,21,16,37,5.00,12.00,1.00,1.60,12.5,3981.90,3982.20,3980.60,3981.70,98,53,151,45.00,55.00,-10.00,1.20,16.7,0,0,0.2222,1.4000,84.00,64.00,3987.43,-0.8286,DOWN,103.75,1.4554,1.0572
20260716 220001 080,3981.80,1,3981.10,3981.90,0.80,3980.40,2,3980.30,3,3980.00,4,3979.90,2,3979.40,1,3979.30,1,3979.20,5,3979.10,5,3979.00,5,3978.90,5,3981.20,1,3981.40,2,3981.50,1,3981.60,1,3981.70,2,3981.80,1,3981.90,1,3982.00,1,3982.20,3,3982.30,3,Buy,22,16,38,6.00,12.00,1.00,1.60,6.2,3981.90,3982.20,3980.60,3981.80,98,53,151,45.00,55.00,-10.00,1.20,16.7,0,0,0.2222,1.0000,85.00,65.00,3987.44,-0.8255,DOWN,103.75,1.4554,1.0572
20260716 220001 080,3981.80,1,3981.10,3981.90,0.80,3980.40,2,3980.30,3,3980.00,4,3979.90,2,3979.40,1,3979.30,1,3979.20,5,3979.10,5,3979.00,5,3978.90,5,3981.20,1,3981.40,2,3981.50,1,3981.60,1,3981.70,2,3981.80,1,3981.90,1,3982.00,1,3982.20,3,3982.30,3,Buy,23,16,39,7.00,12.00,1.00,1.60,6.2,3981.90,3982.20,3980.60,3981.80,98,53,151,45.00,55.00,-10.00,1.20,16.7,0,0,0.2222,0.7143,86.00,66.00,3987.44,-0.8255,DOWN,103.75,1.4554,1.0572
20260716 220001 096,3981.10,1,3981.10,3981.90,0.80,3980.40,2,3980.30,3,3980.00,4,3979.90,2,3979.40,1,3979.30,1,3979.20,5,3979.10,5,3979.00,5,3978.90,5,3981.20,1,3981.40,2,3981.50,1,3981.60,1,3981.70,2,3981.80,1,3981.90,1,3982.00,1,3982.20,3,3982.30,3,Sell,23,17,40,6.00,12.00,1.00,1.60,50.0,3981.90,3982.20,3980.60,3981.10,98,53,151,45.00,55.00,-10.00,1.20,16.7,0,0,0.2222,1.0000,85.00,65.00,3987.37,-0.8477,DOWN,103.75,1.4554,1.0572
20260716 220001 096,3981.10,1,3981.10,3981.90,0.80,3980.40,2,3980.30,3,3980.00,4,3979.90,2,3979.40,1,3979.30,1,3979.20,5,3979.10,5,3979.00,5,3978.90,5,3981.20,1,3981.40,2,3981.50,1,3981.60,1,3981.70,2,3981.80,1,3981.90,1,3982.00,1,3982.20,3,3982.30,3,Sell,23,18,41,5.00,12.00,1.00,1.60,50.0,3981.90,3982.20,3980.60,3981.10,98,53,151,45.00,55.00,-10.00,1.20,16.7,0,0,0.2222,1.4000,84.00,64.00,3987.37,-0.8477,DOWN,103.75,1.4554,1.0572
20260716 220001 150,3981.30,1,3980.50,3981.10,0.60,3980.50,2,3980.40,2,3980.30,3,3980.00,4,3979.90,2,3979.40,1,3979.30,1,3979.20,5,3979.10,5,3979.00,5,3981.10,2,3981.20,2,3981.40,3,3981.70,1,3981.80,1,3981.90,2,3982.00,1,3982.10,1,3982.20,4,3982.30,3,Buy,24,18,42,6.00,12.00,1.00,1.60,37.5,3981.90,3982.20,3980.60,3981.30,98,53,151,45.00,55.00,-10.00,1.20,16.7,0,0,0.2222,1.0000,85.00,65.00,3987.39,-0.8413,DOWN,103.75,1.4554,1.0572
20260716 220001 150,3981.30,1,3980.50,3981.10,0.60,3980.50,2,3980.40,2,3980.30,3,3980.00,4,3979.90,2,3979.40,1,3979.30,1,3979.20,5,3979.10,5,3979.00,5,3981.10,2,3981.20,2,3981.40,3,3981.70,1,3981.80,1,3981.90,2,3982.00,1,3982.10,1,3982.20,4,3982.30,3,Buy,25,18,43,7.00,12.00,1.00,1.60,37.5,3981.90,3982.20,3980.60,3981.30,98,53,151,45.00,55.00,-10.00,1.20,16.7,0,0,0.2222,0.7143,86.00,66.00,3987.39,-0.8413,DOWN,103.75,1.4554,1.0572
20260716 220001 167,3980.70,1,3980.50,3981.10,0.60,3980.50,2,3980.40,2,3980.30,3,3980.00,4,3979.90,2,3979.40,1,3979.30,1,3979.20,5,3979.10,5,3979.00,5,3981.10,2,3981.20,2,3981.40,3,3981.70,1,3981.80,1,3981.90,2,3982.00,1,3982.10,1,3982.20,4,3982.30,3,Sell,25,19,44,6.00,12.00,1.00,1.60,75.0,3981.90,3982.20,3980.60,3980.70,98,53,151,45.00,55.00,-10.00,1.20,16.7,0,0,0.2222,1.0000,85.00,65.00,3987.34,-0.8604,DOWN,103.75,1.4554,1.0572
20260716 220001 334,3981.00,1,3980.70,3981.80,1.10,3980.70,1,3980.60,1,3980.30,3,3980.00,4,3979.90,2,3979.40,1,3979.30,2,3979.20,5,3979.10,5,3979.00,5,3981.80,2,3981.90,2,3982.20,3,3982.30,2,3982.70,1,3982.80,3,3982.90,1,3983.00,20,3983.10,1,3983.30,1,Buy,26,19,45,7.00,12.00,1.00,1.60,56.3,3981.90,3982.20,3980.60,3981.00,98,53,151,45.00,55.00,-10.00,1.20,16.7,0,0,0.2222,0.7143,86.00,66.00,3987.37,-0.8509,DOWN,103.75,1.4554,1.0572
20260716 220001 334,3981.00,1,3980.70,3981.80,1.10,3980.70,1,3980.60,1,3980.30,3,3980.00,4,3979.90,2,3979.40,1,3979.30,2,3979.20,5,3979.10,5,3979.00,5,3981.80,2,3981.90,2,3982.20,3,3982.30,2,3982.70,1,3982.80,3,3982.90,1,3983.00,20,3983.10,1,3983.30,1,Buy,27,19,46,8.00,12.00,1.00,1.60,56.3,3981.90,3982.20,3980.60,3981.00,98,53,151,45.00,55.00,-10.00,1.20,16.7,0,0,0.2222,0.5000,87.00,67.00,3987.37,-0.8509,DOWN,103.75,1.4554,1.0572
20260716 220001 397,3981.40,1,3980.60,3981.40,0.80,3980.80,2,3980.70,2,3980.60,1,3980.30,3,3980.00,4,3979.90,2,3979.40,1,3979.30,2,3979.20,5,3979.10,5,3981.40,4,3981.70,2,3981.90,1,3982.10,1,3982.20,4,3982.30,2,3982.40,1,3982.50,1,3982.60,1,3982.70,1,Buy,28,19,47,9.00,12.00,1.00,1.60,31.3,3981.90,3982.20,3980.60,3981.40,98,53,151,45.00,55.00,-10.00,1.20,16.7,0,0,0.2222,0.3333,88.00,68.00,3987.40,-0.8382,DOWN,103.75,1.4554,1.0572
20260716 220001 397,3981.40,1,3980.60,3981.40,0.80,3980.80,2,3980.70,2,3980.60,1,3980.30,3,3980.00,4,3979.90,2,3979.40,1,3979.30,2,3979.20,5,3979.10,5,3981.40,4,3981.70,2,3981.90,1,3982.10,1,3982.20,4,3982.30,2,3982.40,1,3982.50,1,3982.60,1,3982.70,1,Buy,29,19,48,10.00,12.00,1.00,1.60,31.3,3981.90,3982.20,3980.60,3981.40,98,53,151,45.00,55.00,-10.00,1.20,16.7,0,0,0.2222,0.2000,89.00,69.00,3987.40,-0.8382,DOWN,103.75,1.4554,1.0572
20260716 220001 478,3981.30,1,3980.90,3981.40,0.50,3980.80,2,3980.70,2,3980.60,1,3980.30,3,3980.00,4,3979.90,2,3979.40,1,3979.30,2,3979.20,5,3979.10,5,3981.30,1,3981.40,4,3981.70,2,3981.90,1,3982.10,1,3982.20,4,3982.30,2,3982.40,1,3982.50,1,3982.60,1,Buy,30,19,49,11.00,12.00,1.00,1.60,37.5,3981.90,3982.20,3980.60,3981.30,98,53,151,45.00,55.00,-10.00,1.20,16.7,0,0,0.2222,0.0909,90.00,70.00,3987.39,-0.8413,DOWN,103.75,1.4554,1.0572
20260716 220001 482,3980.90,1,3980.90,3981.40,0.50,3980.80,2,3980.70,2,3980.60,1,3980.30,3,3980.00,4,3979.90,2,3979.40,1,3979.30,2,3979.20,5,3979.10,5,3981.30,1,3981.40,4,3981.70,2,3981.90,1,3982.10,1,3982.20,4,3982.30,2,3982.40,1,3982.50,1,3982.60,1,Sell,30,20,50,10.00,12.00,1.00,1.60,62.5,3981.90,3982.20,3980.60,3980.90,98,53,151,45.00,55.00,-10.00,1.20,16.7,0,0,0.2222,0.2000,89.00,69.00,3987.36,-0.8540,DOWN,103.75,1.4554,1.0572
20260716 220001 482,3980.80,1,3980.90,3981.40,0.50,3980.80,2,3980.70,2,3980.60,1,3980.30,3,3980.00,4,3979.90,2,3979.40,1,3979.30,2,3979.20,5,3979.10,5,3981.30,1,3981.40,4,3981.70,2,3981.90,1,3982.10,1,3982.20,4,3982.30,2,3982.40,1,3982.50,1,3982.60,1,Sell,30,21,51,9.00,12.00,1.00,1.60,68.7,3981.90,3982.20,3980.60,3980.80,98,53,151,45.00,55.00,-10.00,1.20,16.7,0,0,0.2222,0.3333,88.00,68.00,3987.35,-0.8572,DOWN,103.75,1.4554,1.0572
20260716 220001 852,3981.40,1,3980.90,3981.70,0.80,3980.90,2,3980.80,4,3980.60,2,3980.30,3,3980.00,4,3979.90,2,3979.70,1,3979.50,1,3979.40,2,3979.30,2,3981.70,1,3981.80,3,3981.90,1,3982.20,3,3982.30,2,3982.70,1,3982.80,3,3983.00,16,3983.10,1,3983.20,1,Buy,31,21,52,10.00,12.00,1.00,1.60,31.3,3981.90,3982.20,3980.60,3981.40,98,53,151,45.00,55.00,-10.00,1.20,16.7,0,0,0.2222,0.2000,89.00,69.00,3987.40,-0.8382,DOWN,103.75,1.4554,1.0572
20260716 220002 091,3981.80,1,3981.30,3982.00,0.70,3981.30,2,3981.20,4,3981.10,3,3981.00,4,3980.60,1,3980.30,3,3980.10,1,3980.00,5,3979.90,3,3979.70,1,3982.00,2,3982.10,1,3982.20,3,3982.40,2,3982.80,2,3983.00,15,3983.30,1,3983.50,1,3983.70,3,3983.80,1,Buy,32,21,53,11.00,12.00,1.00,1.60,6.2,3981.90,3982.20,3980.60,3981.80,98,53,151,45.00,55.00,-10.00,1.20,16.7,0,0,0.2222,0.0909,90.00,70.00,3987.44,-0.8255,DOWN,103.75,1.4554,1.0572
20260716 220002 091,3981.80,1,3981.30,3982.00,0.70,3981.30,2,3981.20,4,3981.10,3,3981.00,4,3980.60,1,3980.30,3,3980.10,1,3980.00,5,3979.90,3,3979.70,1,3982.00,2,3982.10,1,3982.20,3,3982.40,2,3982.80,2,3983.00,15,3983.30,1,3983.50,1,3983.70,3,3983.80,1,Buy,33,21,54,12.00,12.00,1.00,1.60,6.2,3981.90,3982.20,3980.60,3981.80,98,53,151,45.00,55.00,-10.00,1.20,16.7,0,0,0.2222,0.0000,91.00,71.00,3987.44,-0.8255,DOWN,103.75,1.4554,1.0572
20260716 220002 103,3981.90,1,3981.30,3982.00,0.70,3981.30,2,3981.20,4,3981.10,3,3981.00,4,3980.60,1,3980.30,3,3980.10,1,3980.00,5,3979.90,3,3979.70,1,3982.00,2,3982.10,1,3982.20,3,3982.40,2,3982.80,2,3983.00,15,3983.30,1,3983.50,1,3983.70,3,3983.80,1,Buy,34,21,55,13.00,13.00,1.00,1.60,0.0,3981.90,3982.20,3980.60,3981.90,98,53,151,45.00,55.00,-10.00,1.20,16.7,0,0,0.2222,0.0000,92.00,72.00,3987.45,-0.8223,DOWN,103.75,1.4554,1.0572
20260716 220002 130,3981.90,1,3981.30,3981.90,0.60,3981.30,2,3981.20,4,3981.10,3,3981.00,4,3980.60,1,3980.30,3,3980.10,1,3980.00,5,3979.90,3,3979.70,1,3982.00,1,3982.10,1,3982.20,3,3982.40,2,3982.80,2,3983.00,15,3983.30,1,3983.50,1,3983.70,3,3983.80,1,Buy,35,21,56,14.00,14.00,1.00,1.60,0.0,3981.90,3982.20,3980.60,3981.90,98,53,151,45.00,55.00,-10.00,1.20,16.7,0,0,0.2222,0.0000,93.00,73.00,3987.45,-0.8223,DOWN,103.75,1.4554,1.0572
20260716 220002 747,3981.90,1,3981.30,3981.90,0.60,3981.30,2,3981.20,4,3981.10,1,3981.00,3,3980.60,1,3980.30,3,3980.10,1,3980.00,4,3979.90,3,3979.70,1,3982.00,2,3982.20,3,3982.80,2,3982.90,1,3983.00,16,3983.10,1,3983.20,1,3983.30,1,3983.50,1,3983.70,3,Buy,36,21,57,15.00,15.00,1.00,1.60,0.0,3981.90,3982.20,3980.60,3981.90,98,53,151,45.00,55.00,-10.00,1.20,16.7,0,0,0.2222,0.0000,94.00,74.00,3987.45,-0.8223,DOWN,103.75,1.4554,1.0572
20260716 220003 050,3982.10,1,3981.30,3982.10,0.80,3981.30,1,3981.20,4,3981.10,1,3981.00,3,3980.60,1,3980.30,3,3980.00,4,3979.90,3,3979.70,1,3979.60,1,3981.80,1,3981.90,2,3982.00,2,3982.20,3,3982.70,1,3982.80,3,3982.90,1,3983.00,16,3983.10,1,3983.20,1,Buy,37,21,58,16.00,16.00,1.00,1.60,12.5,3981.90,3982.20,3980.60,3982.10,98,53,151,45.00,55.00,-10.00,1.20,16.7,0,0,0.2222,0.0000,95.00,75.00,3987.47,-0.8159,DOWN,103.75,1.4554,1.0572
20260716 220003 066,3981.30,1,3981.30,3982.10,0.80,3981.30,1,3981.20,4,3981.10,1,3981.00,3,3980.60,1,3980.30,3,3980.00,4,3979.90,3,3979.70,1,3979.60,1,3981.80,1,3981.90,2,3982.00,2,3982.20,3,3982.70,1,3982.80,3,3982.90,1,3983.00,16,3983.10,1,3983.20,1,Sell,37,22,59,15.00,16.00,1.00,1.60,37.5,3981.90,3982.20,3980.60,3981.30,98,53,151,45.00,55.00,-10.00,1.20,16.7,0,0,0.2222,0.0667,94.00,74.00,3987.39,-0.8413,DOWN,103.75,1.4554,1.0572
20260716 220003 153,3981.80,1,3981.30,3981.80,0.50,3981.30,1,3981.20,4,3981.10,1,3981.00,3,3980.60,1,3980.30,3,3980.00,5,3979.90,3,3979.70,1,3979.60,1,3981.80,1,3981.90,2,3982.00,2,3982.20,3,3982.70,1,3982.80,3,3982.90,1,3983.00,16,3983.10,1,3983.20,1,Buy,38,22,60,16.00,16.00,1.00,1.60,6.2,3981.90,3982.20,3980.60,3981.80,98,53,151,45.00,55.00,-10.00,1.20,16.7,0,0,0.2222,0.0000,95.00,75.00,3987.44,-0.8255,DOWN,103.75,1.4554,1.0572
20260716 220003 153,3981.90,1,3981.30,3981.80,0.50,3981.30,1,3981.20,4,3981.10,1,3981.00,3,3980.60,1,3980.30,3,3980.00,5,3979.90,3,3979.70,1,3979.60,1,3981.80,1,3981.90,2,3982.00,2,3982.20,3,3982.70,1,3982.80,3,3982.90,1,3983.00,16,3983.10,1,3983.20,1,Buy,39,22,61,17.00,17.00,1.00,1.60,0.0,3981.90,3982.20,3980.60,3981.90,98,53,151,45.00,55.00,-10.00,1.20,16.7,0,0,0.2222,0.0000,96.00,76.00,3987.45,-0.8223,DOWN,103.75,1.4554,1.0572
20260716 220003 153,3981.90,1,3981.30,3981.80,0.50,3981.30,1,3981.20,4,3981.10,1,3981.00,3,3980.60,1,3980.30,3,3980.00,5,3979.90,3,3979.70,1,3979.60,1,3981.80,1,3981.90,2,3982.00,2,3982.20,3,3982.70,1,3982.80,3,3982.90,1,3983.00,16,3983.10,1,3983.20,1,Buy,40,22,62,18.00,18.00,1.00,1.60,0.0,3981.90,3982.20,3980.60,3981.90,98,53,151,45.00,55.00,-10.00,1.20,16.7,0,0,0.2222,0.0000,97.00,77.00,3987.45,-0.8223,DOWN,103.75,1.4554,1.0572
20260716 220003 153,3982.00,1,3981.30,3981.80,0.50,3981.30,1,3981.20,4,3981.10,1,3981.00,3,3980.60,1,3980.30,3,3980.00,5,3979.90,3,3979.70,1,3979.60,1,3981.80,1,3981.90,2,3982.00,2,3982.20,3,3982.70,1,3982.80,3,3982.90,1,3983.00,16,3983.10,1,3983.20,1,Buy,41,22,63,19.00,19.00,1.00,1.60,6.2,3981.90,3982.20,3980.60,3982.00,98,53,151,45.00,55.00,-10.00,1.20,16.7,0,0,0.2222,0.0000,98.00,78.00,3987.46,-0.8191,DOWN,103.75,1.4554,1.0572
20260716 220003 153,3982.00,1,3981.30,3981.80,0.50,3981.30,1,3981.20,4,3981.10,1,3981.00,3,3980.60,1,3980.30,3,3980.00,5,3979.90,3,3979.70,1,3979.60,1,3981.80,1,3981.90,2,3982.00,2,3982.20,3,3982.70,1,3982.80,3,3982.90,1,3983.00,16,3983.10,1,3983.20,1,Buy,42,22,64,20.00,20.00,1.00,1.60,6.2,3981.90,3982.20,3980.60,3982.00,98,53,151,45.00,55.00,-10.00,1.20,16.7,0,0,0.2222,0.0000,99.00,79.00,3987.46,-0.8191,DOWN,103.75,1.4554,1.0572
20260716 220003 477,3981.90,1,3981.70,3982.20,0.50,3981.70,1,3981.60,3,3981.40,5,3981.10,2,3980.50,2,3980.40,1,3980.30,4,3980.20,2,3980.10,1,3980.00,5,3982.20,2,3982.80,2,3983.00,15,3983.10,2,3983.60,6,3983.70,3,3983.80,6,3983.90,5,3984.00,7,3984.10,5,Buy,43,22,65,21.00,21.00,1.00,1.60,0.0,3981.90,3982.20,3980.60,3981.90,98,53,151,45.00,55.00,-10.00,1.20,16.7,0,0,0.2222,0.0000,100.00,80.00,3987.45,-0.8223,DOWN,103.75,1.4554,1.0572
20260716 220004 029,3981.80,1,3980.90,3981.60,0.70,3980.90,4,3980.80,3,3980.70,2,3980.60,2,3980.50,4,3980.30,3,3980.00,4,3979.90,3,3979.80,5,3979.70,1,3981.60,1,3981.70,3,3981.80,1,3981.90,2,3982.00,2,3982.20,4,3982.50,2,3982.80,3,3982.90,2,3983.00,16,Sell,43,23,66,20.00,21.00,1.00,1.60,6.2,3981.90,3982.20,3980.60,3981.80,98,53,151,45.00,55.00,-10.00,1.20,16.7,0,0,0.2222,0.0500,99.00,79.00,3987.44,-0.8255,DOWN,103.75,1.4554,1.0572
20260716 220004 029,3981.80,1,3980.90,3981.60,0.70,3980.90,4,3980.80,3,3980.70,2,3980.60,2,3980.50,4,3980.30,3,3980.00,4,3979.90,3,3979.80,5,3979.70,1,3981.60,1,3981.70,3,3981.80,1,3981.90,2,3982.00,2,3982.20,4,3982.50,2,3982.80,3,3982.90,2,3983.00,16,Sell,43,24,67,19.00,21.00,1.00,1.60,6.2,3981.90,3982.20,3980.60,3981.80,98,53,151,45.00,55.00,-10.00,1.20,16.7,0,0,0.2222,0.1053,98.00,78.00,3987.44,-0.8255,DOWN,103.75,1.4554,1.0572
20260716 220004 029,3981.80,1,3980.90,3981.60,0.70,3980.90,4,3980.80,3,3980.70,2,3980.60,2,3980.50,4,3980.30,3,3980.00,4,3979.90,3,3979.80,5,3979.70,1,3981.60,1,3981.70,3,3981.80,1,3981.90,2,3982.00,2,3982.20,4,3982.50,2,3982.80,3,3982.90,2,3983.00,16,Sell,43,25,68,18.00,21.00,1.00,1.60,6.2,3981.90,3982.20,3980.60,3981.80,98,53,151,45.00,55.00,-10.00,1.20,16.7,0,0,0.2222,0.1667,97.00,77.00,3987.44,-0.8255,DOWN,103.75,1.4554,1.0572
20260716 220004 031,3981.70,1,3980.90,3981.60,0.70,3980.90,4,3980.80,3,3980.70,2,3980.60,2,3980.50,4,3980.30,3,3980.00,4,3979.90,3,3979.80,5,3979.70,1,3981.60,1,3981.70,3,3981.80,1,3981.90,2,3982.00,2,3982.20,4,3982.50,2,3982.80,3,3982.90,2,3983.00,16,Sell,43,26,69,17.00,21.00,1.00,1.60,12.5,3981.90,3982.20,3980.60,3981.70,98,53,151,45.00,55.00,-10.00,1.20,16.7,0,0,0.2222,0.2353,96.00,76.00,3987.43,-0.8286,DOWN,103.75,1.4554,1.0572
20260716 220004 031,3981.60,1,3980.90,3981.60,0.70,3980.90,4,3980.80,3,3980.70,2,3980.60,2,3980.50,4,3980.30,3,3980.00,4,3979.90,3,3979.80,5,3979.70,1,3981.60,1,3981.70,3,3981.80,1,3981.90,2,3982.00,2,3982.20,4,3982.50,2,3982.80,3,3982.90,2,3983.00,16,Sell,43,27,70,16.00,21.00,1.00,1.60,18.8,3981.90,3982.20,3980.60,3981.60,98,53,151,45.00,55.00,-10.00,1.20,16.7,0,0,0.2222,0.3125,95.00,75.00,3987.42,-0.8318,DOWN,103.75,1.4554,1.0572
20260716 220004 173,3981.80,1,3981.30,3981.80,0.50,3981.30,1,3981.20,3,3981.10,3,3980.90,2,3980.80,2,3980.70,2,3980.60,2,3980.30,4,3980.00,5,3979.90,3,3981.80,1,3981.90,2,3982.00,3,3982.10,2,3982.20,4,3982.60,3,3982.70,2,3982.80,3,3982.90,2,3983.00,16,Buy,44,27,71,17.00,21.00,1.00,1.60,6.2,3981.90,3982.20,3980.60,3981.80,98,53,151,45.00,55.00,-10.00,1.20,16.7,0,0,0.2222,0.2353,96.00,76.00,3987.44,-0.8255,DOWN,103.75,1.4554,1.0572
20260716 220004 198,3981.70,1,3981.30,3981.80,0.50,3981.30,1,3981.20,3,3981.10,3,3980.90,2,3980.80,2,3980.70,2,3980.60,2,3980.30,4,3980.00,5,3979.90,3,3981.80,1,3981.90,2,3982.00,3,3982.10,2,3982.20,4,3982.60,3,3982.70,2,3982.80,3,3982.90,2,3983.00,16,Buy,45,27,72,18.00,21.00,1.00,1.60,12.5,3981.90,3982.20,3980.60,3981.70,98,53,151,45.00,55.00,-10.00,1.20,16.7,0,0,0.2222,0.1667,97.00,77.00,3987.43,-0.8286,DOWN,103.75,1.4554,1.0572
20260716 220004 327,3981.70,1,3981.30,3981.70,0.40,3981.30,1,3981.20,3,3981.10,3,3980.90,1,3980.80,2,3980.70,2,3980.60,2,3980.30,4,3980.00,5,3979.90,3,3981.80,1,3981.90,5,3982.00,2,3982.10,2,3982.20,4,3982.60,3,3982.70,2,3982.80,3,3982.90,2,3983.00,16,Buy,46,27,73,19.00,21.00,1.00,1.60,12.5,3981.90,3982.20,3980.60,3981.70,98,53,151,45.00,55.00,-10.00,1.20,16.7,0,0,0.2222,0.1053,98.00,78.00,3987.43,-0.8286,DOWN,103.75,1.4554,1.0572
20260716 220004 505,3981.80,1,3981.50,3982.00,0.50,3981.50,1,3981.40,5,3981.30,1,3981.20,3,3981.10,3,3980.80,2,3980.70,2,3980.60,2,3980.30,4,3980.20,1,3982.00,2,3982.20,4,3982.50,2,3982.60,2,3982.70,2,3982.80,3,3982.90,2,3983.00,16,3983.10,2,3983.20,5,Buy,47,27,74,20.00,21.00,1.00,1.60,6.2,3981.90,3982.20,3980.60,3981.80,98,53,151,45.00,55.00,-10.00,1.20,16.7,0,0,0.2222,0.0500,99.00,79.00,3987.44,-0.8255,DOWN,103.75,1.4554,1.0572
20260716 220005 032,3981.70,1,3981.40,3981.80,0.40,3981.40,1,3981.30,3,3981.10,3,3980.90,2,3980.80,2,3980.70,2,3980.60,2,3980.30,4,3980.00,5,3979.90,3,3981.80,1,3981.90,2,3982.00,2,3982.10,2,3982.20,4,3982.60,2,3982.70,2,3982.80,2,3982.90,2,3983.00,16,Buy,48,27,75,21.00,21.00,1.00,1.60,12.5,3981.90,3982.20,3980.60,3981.70,98,53,151,45.00,55.00,-10.00,1.20,16.7,0,0,0.2222,0.0000,100.00,80.00,3987.43,-0.8286,DOWN,103.75,1.4554,1.0572
20260716 220005 662,3982.00,1,3981.80,3982.30,0.50,3981.80,2,3981.70,3,3981.50,2,3981.40,3,3981.10,3,3980.80,2,3980.70,3,3980.60,2,3980.50,1,3980.40,1,3982.30,1,3982.40,2,3982.50,3,3982.60,2,3982.80,2,3983.00,15,3983.30,1,3983.40,2,3983.50,5,3983.60,6,Buy,49,27,76,22.00,22.00,1.00,1.60,6.2,3981.90,3982.20,3980.60,3982.00,98,53,151,45.00,55.00,-10.00,1.20,16.7,0,0,0.2222,0.0000,101.00,81.00,3987.46,-0.8191,DOWN,103.75,1.4554,1.0572
20260716 220005 799,3981.90,1,3981.90,3982.40,0.50,3981.80,2,3981.70,3,3981.50,2,3981.40,3,3981.10,3,3980.80,3,3980.70,3,3980.60,2,3980.50,1,3980.40,1,3982.30,1,3982.40,2,3982.50,3,3982.60,2,3982.80,2,3983.00,15,3983.30,1,3983.40,2,3983.50,5,3983.60,6,Sell,49,28,77,21.00,22.00,1.00,1.60,0.0,3981.90,3982.20,3980.60,3981.90,98,53,151,45.00,55.00,-10.00,1.20,16.7,0,0,0.2222,0.0476,100.00,80.00,3987.45,-0.8223,DOWN,103.75,1.4554,1.0572
20260716 220005 950,3981.80,1,3981.70,3982.30,0.60,3981.70,2,3981.60,5,3981.50,4,3981.40,3,3981.10,3,3980.80,3,3980.70,2,3980.50,1,3980.40,1,3980.30,4,3982.30,2,3982.40,3,3982.50,3,3982.60,2,3982.80,2,3983.00,15,3983.30,1,3983.40,2,3983.50,5,3983.60,6,Sell,49,29,78,20.00,22.00,1.00,1.60,6.2,3981.90,3982.20,3980.60,3981.80,98,53,151,45.00,55.00,-10.00,1.20,16.7,0,0,0.2222,0.1000,99.00,79.00,3987.44,-0.8255,DOWN,103.75,1.4554,1.0572
20260716 220006 001,3981.70,1,3981.70,3982.30,0.60,3981.70,2,3981.60,5,3981.50,4,3981.40,3,3981.10,3,3980.80,3,3980.70,2,3980.50,1,3980.40,1,3980.30,4,3982.30,2,3982.40,3,3982.50,3,3982.60,2,3982.80,2,3983.00,15,3983.30,1,3983.40,2,3983.50,5,3983.60,6,Sell,49,30,79,19.00,22.00,1.00,1.60,12.5,3981.90,3982.20,3980.60,3981.70,98,53,151,45.00,55.00,-10.00,1.20,16.7,0,0,0.2222,0.1579,98.00,78.00,3987.43,-0.8286,DOWN,103.75,1.4554,1.0572
20260716 220006 101,3981.70,1,3981.90,3982.30,0.40,3981.90,1,3981.80,3,3981.70,3,3981.60,4,3981.50,2,3981.40,3,3981.10,3,3980.80,2,3980.70,2,3980.50,1,3982.30,2,3982.40,3,3982.50,2,3982.60,2,3982.70,1,3982.80,2,3983.00,15,3983.30,1,3983.40,2,3983.50,5,Sell,49,31,80,18.00,22.00,1.00,1.60,12.5,3981.90,3982.20,3980.60,3981.70,98,53,151,45.00,55.00,-10.00,1.20,16.7,0,0,0.2222,0.2222,97.00,77.00,3987.43,-0.8286,DOWN,103.75,1.4554,1.0572
20260716 220006 285,3981.90,1,3981.70,3982.20,0.50,3981.70,2,3981.60,2,3981.50,2,3981.40,3,3981.30,2,3981.20,2,3981.10,3,3980.70,2,3980.50,2,3980.40,3,3982.20,1,3982.30,2,3982.40,2,3982.50,3,3982.60,2,3982.80,2,3983.00,15,3983.20,1,3983.40,2,3983.70,3,Sell,49,32,81,17.00,22.00,1.00,1.60,0.0,3981.90,3982.20,3980.60,3981.90,98,53,151,45.00,55.00,-10.00,1.20,16.7,0,0,0.2222,0.2941,96.00,76.00,3987.45,-0.8223,DOWN,103.75,1.4554,1.0572
20260716 220006 287,3981.80,1,3981.70,3982.20,0.50,3981.70,2,3981.60,2,3981.50,2,3981.40,3,3981.30,2,3981.20,2,3981.10,3,3980.70,2,3980.50,2,3980.40,3,3982.20,1,3982.30,2,3982.40,2,3982.50,3,3982.60,2,3982.80,2,3983.00,15,3983.20,1,3983.40,2,3983.70,3,Sell,49,33,82,16.00,22.00,1.00,1.60,6.2,3981.90,3982.20,3980.60,3981.80,98,53,151,45.00,55.00,-10.00,1.20,16.7,0,0,0.2222,0.3750,95.00,75.00,3987.44,-0.8255,DOWN,103.75,1.4554,1.0572
20260716 220006 287,3981.70,1,3981.70,3982.20,0.50,3981.70,2,3981.60,2,3981.50,2,3981.40,3,3981.30,2,3981.20,2,3981.10,3,3980.70,2,3980.50,2,3980.40,3,3982.20,1,3982.30,2,3982.40,2,3982.50,3,3982.60,2,3982.80,2,3983.00,15,3983.20,1,3983.40,2,3983.70,3,Sell,49,34,83,15.00,22.00,1.00,1.60,12.5,3981.90,3982.20,3980.60,3981.70,98,53,151,45.00,55.00,-10.00,1.20,16.7,0,0,0.2222,0.4667,94.00,74.00,3987.43,-0.8286,DOWN,103.75,1.4554,1.0572
20260716 220006 287,3981.70,1,3981.70,3982.20,0.50,3981.70,2,3981.60,2,3981.50,2,3981.40,3,3981.30,2,3981.20,2,3981.10,3,3980.70,2,3980.50,2,3980.40,3,3982.20,1,3982.30,2,3982.40,2,3982.50,3,3982.60,2,3982.80,2,3983.00,15,3983.20,1,3983.40,2,3983.70,3,Sell,49,35,84,14.00,22.00,1.00,1.60,12.5,3981.90,3982.20,3980.60,3981.70,98,53,151,45.00,55.00,-10.00,1.20,16.7,0,0,0.2222,0.5714,93.00,73.00,3987.43,-0.8286,DOWN,103.75,1.4554,1.0572
20260716 220006 288,3981.70,1,3981.70,3982.20,0.50,3981.70,2,3981.60,2,3981.50,2,3981.40,3,3981.30,2,3981.20,2,3981.10,3,3980.70,2,3980.50,2,3980.40,3,3982.20,1,3982.30,2,3982.40,2,3982.50,3,3982.60,2,3982.80,2,3983.00,15,3983.20,1,3983.40,2,3983.70,3,Sell,49,36,85,13.00,22.00,1.00,1.60,12.5,3981.90,3982.20,3980.60,3981.70,98,53,151,45.00,55.00,-10.00,1.20,16.7,0,0,0.2222,0.6923,92.00,72.00,3987.43,-0.8286,DOWN,103.75,1.4554,1.0572
20260716 220006 308,3982.10,1,3981.70,3982.20,0.50,3981.70,2,3981.60,2,3981.50,2,3981.40,3,3981.30,2,3981.20,2,3981.10,3,3980.70,2,3980.50,2,3980.40,3,3982.20,1,3982.30,2,3982.40,2,3982.50,3,3982.60,2,3982.80,2,3983.00,15,3983.20,1,3983.40,2,3983.70,3,Buy,50,36,86,14.00,22.00,1.00,1.60,12.5,3981.90,3982.20,3980.60,3982.10,98,53,151,45.00,55.00,-10.00,1.20,16.7,0,0,0.2222,0.5714,93.00,73.00,3987.47,-0.8159,DOWN,103.75,1.4554,1.0572
20260716 220006 308,3982.10,1,3981.70,3982.20,0.50,3981.70,2,3981.60,2,3981.50,2,3981.40,3,3981.30,2,3981.20,2,3981.10,3,3980.70,2,3980.50,2,3980.40,3,3982.20,1,3982.30,2,3982.40,2,3982.50,3,3982.60,2,3982.80,2,3983.00,15,3983.20,1,3983.40,2,3983.70,3,Buy,51,36,87,15.00,22.00,1.00,1.60,12.5,3981.90,3982.20,3980.60,3982.10,98,53,151,45.00,55.00,-10.00,1.20,16.7,0,0,0.2222,0.4667,94.00,74.00,3987.47,-0.8159,DOWN,103.75,1.4554,1.0572
20260716 220006 308,3982.20,1,3981.70,3982.20,0.50,3981.70,2,3981.60,2,3981.50,2,3981.40,3,3981.30,2,3981.20,2,3981.10,3,3980.70,2,3980.50,2,3980.40,3,3982.20,1,3982.30,2,3982.40,2,3982.50,3,3982.60,2,3982.80,2,3983.00,15,3983.20,1,3983.40,2,3983.70,3,Buy,52,36,88,16.00,22.00,1.00,1.60,18.7,3981.90,3982.20,3980.60,3982.20,98,53,151,45.00,55.00,-10.00,1.20,16.7,0,0,0.2222,0.3750,95.00,75.00,3987.48,-0.8128,DOWN,103.75,1.4554,1.0572
20260716 220006 308,3982.20,1,3981.70,3982.20,0.50,3981.70,2,3981.60,2,3981.50,2,3981.40,3,3981.30,2,3981.20,2,3981.10,3,3980.70,2,3980.50,2,3980.40,3,3982.20,1,3982.30,2,3982.40,2,3982.50,3,3982.60,2,3982.80,2,3983.00,15,3983.20,1,3983.40,2,3983.70,3,Buy,53,36,89,17.00,22.00,1.00,1.60,18.7,3981.90,3982.20,3980.60,3982.20,98,53,151,45.00,55.00,-10.00,1.20,16.7,0,0,0.2222,0.2941,96.00,76.00,3987.48,-0.8128,DOWN,103.75,1.4554,1.0572
20260716 220006 308,3982.20,1,3981.70,3982.20,0.50,3981.70,2,3981.60,2,3981.50,2,3981.40,3,3981.30,2,3981.20,2,3981.10,3,3980.70,2,3980.50,2,3980.40,3,3982.20,1,3982.30,2,3982.40,2,3982.50,3,3982.60,2,3982.80,2,3983.00,15,3983.20,1,3983.40,2,3983.70,3,Buy,54,36,90,18.00,22.00,1.00,1.60,18.7,3981.90,3982.20,3980.60,3982.20,98,53,151,45.00,55.00,-10.00,1.20,16.7,0,0,0.2222,0.2222,97.00,77.00,3987.48,-0.8128,DOWN,103.75,1.4554,1.0572
20260716 220007 085,3982.00,1,3981.60,3982.10,0.50,3981.60,2,3981.50,2,3981.40,3,3981.30,3,3981.20,2,3981.10,3,3980.70,2,3980.50,2,3980.40,3,3980.30,4,3982.10,2,3982.20,3,3982.30,4,3982.40,2,3982.50,2,3982.60,2,3982.80,3,3982.90,1,3983.00,16,3983.10,1,Buy,55,36,91,19.00,22.00,1.00,1.60,6.2,3981.90,3982.20,3980.60,3982.00,98,53,151,45.00,55.00,-10.00,1.20,16.7,0,0,0.2222,0.1579,98.00,78.00,3987.46,-0.8191,DOWN,103.75,1.4554,1.0572
20260716 220007 747,3982.00,1,3981.80,3982.30,0.50,3981.80,3,3981.70,3,3981.60,1,3981.40,4,3981.30,2,3981.20,2,3981.10,3,3980.70,2,3980.50,2,3980.40,3,3982.30,2,3982.40,2,3982.50,2,3982.60,2,3982.80,3,3983.00,15,3983.10,2,3983.20,1,3983.40,2,3983.70,3,Buy,56,36,92,20.00,22.00,1.00,1.60,6.2,3981.90,3982.20,3980.60,3982.00,98,53,151,45.00,55.00,-10.00,1.20,16.7,0,0,0.2222,0.1000,99.00,79.00,3987.46,-0.8191,DOWN,103.75,1.4554,1.0572
20260716 220007 813,3982.20,1,3981.70,3982.30,0.60,3981.70,3,3981.60,2,3981.50,2,3981.40,3,3981.30,2,3981.20,2,3981.10,3,3980.70,2,3980.50,2,3980.40,3,3982.30,3,3982.40,2,3982.50,2,3982.60,2,3982.80,3,3982.90,1,3983.00,15,3983.10,1,3983.20,1,3983.40,2,Buy,57,36,93,21.00,22.00,1.00,1.60,18.7,3981.90,3982.20,3980.60,3982.20,98,53,151,45.00,55.00,-10.00,1.20,16.7,0,0,0.2222,0.0476,100.00,80.00,3987.48,-0.8128,DOWN,103.75,1.4554,1.0572
20260716 220007 896,3982.30,1,3981.70,3982.30,0.60,3981.70,3,3981.60,2,3981.50,2,3981.40,3,3981.30,2,3981.20,2,3981.10,3,3980.70,2,3980.50,2,3980.40,3,3982.30,3,3982.40,2,3982.50,2,3982.60,2,3982.80,3,3982.90,1,3983.00,15,3983.10,1,3983.20,1,3983.40,2,Buy,58,36,94,22.00,22.00,1.00,1.70,23.5,3981.90,3982.30,3980.60,3982.30,98,53,151,45.00,55.00,-10.00,1.20,16.7,0,0,0.2222,0.0000,101.00,81.00,3987.49,-0.8096,DOWN,103.75,1.4554,1.0643
20260716 220008 063,3981.90,1,3981.80,3982.20,0.40,3981.80,3,3981.70,3,3981.60,2,3981.50,2,3981.40,3,3981.30,2,3981.20,2,3981.10,3,3980.70,1,3980.50,1,3982.20,1,3982.30,1,3982.40,2,3982.50,2,3982.60,2,3982.80,3,3983.00,15,3983.10,2,3983.20,1,3983.40,2,Sell,58,37,95,21.00,22.00,1.00,1.70,0.0,3981.90,3982.30,3980.60,3981.90,98,53,151,45.00,55.00,-10.00,1.20,16.7,0,0,0.2222,0.0476,100.00,80.00,3987.45,-0.8223,DOWN,103.75,1.4554,1.0643
20260716 220008 064,3981.80,1,3981.80,3982.20,0.40,3981.80,3,3981.70,3,3981.60,2,3981.50,2,3981.40,3,3981.30,2,3981.20,2,3981.10,3,3980.70,1,3980.50,1,3982.20,1,3982.30,1,3982.40,2,3982.50,2,3982.60,2,3982.80,3,3983.00,15,3983.10,2,3983.20,1,3983.40,2,Sell,58,38,96,20.00,22.00,1.00,1.70,5.9,3981.90,3982.30,3980.60,3981.80,98,53,151,45.00,55.00,-10.00,1.20,16.7,0,0,0.2222,0.1000,99.00,79.00,3987.44,-0.8255,DOWN,103.75,1.4554,1.0643
20260716 220008 209,3981.70,1,3981.10,3981.20,0.10,3981.30,1,3981.20,1,3981.10,3,3980.50,2,3980.40,2,3980.30,4,3980.00,4,3979.90,2,3979.40,1,3979.30,1,3981.90,3,3982.00,4,3982.10,2,3982.20,4,3982.30,3,3982.40,2,3982.50,2,3982.60,2,3982.80,3,3982.90,1,Sell,58,39,97,19.00,22.00,1.00,1.70,11.8,3981.90,3982.30,3980.60,3981.70,98,53,151,45.00,55.00,-10.00,1.20,16.7,0,0,0.2222,0.1579,98.00,78.00,3987.43,-0.8286,DOWN,103.75,1.4554,1.0643
20260716 220008 209,3981.60,1,3981.10,3981.20,0.10,3981.30,1,3981.20,1,3981.10,3,3980.50,2,3980.40,2,3980.30,4,3980.00,4,3979.90,2,3979.40,1,3979.30,1,3981.90,3,3982.00,4,3982.10,2,3982.20,4,3982.30,3,3982.40,2,3982.50,2,3982.60,2,3982.80,3,3982.90,1,Sell,58,40,98,18.00,22.00,1.00,1.70,17.6,3981.90,3982.30,3980.60,3981.60,98,53,151,45.00,55.00,-10.00,1.20,16.7,0,0,0.2222,0.2222,97.00,77.00,3987.42,-0.8318,DOWN,103.75,1.4554,1.0643
20260716 220008 209,3981.40,1,3981.10,3981.20,0.10,3981.30,1,3981.20,1,3981.10,3,3980.50,2,3980.40,2,3980.30,4,3980.00,4,3979.90,2,3979.40,1,3979.30,1,3981.90,3,3982.00,4,3982.10,2,3982.20,4,3982.30,3,3982.40,2,3982.50,2,3982.60,2,3982.80,3,3982.90,1,Sell,58,41,99,17.00,22.00,1.00,1.70,29.4,3981.90,3982.30,3980.60,3981.40,98,53,151,45.00,55.00,-10.00,1.20,16.7,0,0,0.2222,0.2941,96.00,76.00,3987.40,-0.8382,DOWN,103.75,1.4554,1.0643
20260716 220008 209,3981.40,1,3981.10,3981.20,0.10,3981.30,1,3981.20,1,3981.10,3,3980.50,2,3980.40,2,3980.30,4,3980.00,4,3979.90,2,3979.40,1,3979.30,1,3981.90,3,3982.00,4,3982.10,2,3982.20,4,3982.30,3,3982.40,2,3982.50,2,3982.60,2,3982.80,3,3982.90,1,Sell,58,42,100,16.00,22.00,1.00,1.70,29.4,3981.90,3982.30,3980.60,3981.40,98,53,151,45.00,55.00,-10.00,1.20,16.7,0,0,0.2222,0.3750,95.00,75.00,3987.40,-0.8382,DOWN,103.75,1.4554,1.0643
20260716 220008 211,3981.30,1,3981.10,3981.20,0.10,3981.30,1,3981.20,1,3981.10,3,3980.50,2,3980.40,2,3980.30,4,3980.00,4,3979.90,2,3979.40,1,3979.30,1,3981.90,3,3982.00,4,3982.10,2,3982.20,4,3982.30,3,3982.40,2,3982.50,2,3982.60,2,3982.80,3,3982.90,1,Sell,58,43,101,15.00,22.00,1.00,1.70,35.3,3981.90,3982.30,3980.60,3981.30,98,53,151,45.00,55.00,-10.00,1.20,16.7,0,0,0.2222,0.4667,94.00,74.00,3987.39,-0.8413,DOWN,103.75,1.4554,1.0643
20260716 220008 213,3981.10,1,3981.10,3981.20,0.10,3981.30,1,3981.20,1,3981.10,3,3980.50,2,3980.40,2,3980.30,4,3980.00,4,3979.90,2,3979.40,1,3979.30,1,3981.90,3,3982.00,4,3982.10,2,3982.20,4,3982.30,3,3982.40,2,3982.50,2,3982.60,2,3982.80,3,3982.90,1,Sell,58,44,102,14.00,22.00,1.00,1.70,47.1,3981.90,3982.30,3980.60,3981.10,98,53,151,45.00,55.00,-10.00,1.20,16.7,0,0,0.2222,0.5714,93.00,73.00,3987.37,-0.8477,DOWN,103.75,1.4554,1.0643
20260716 220008 217,3980.30,1,3980.20,3980.40,0.20,3980.30,1,3980.20,2,3980.10,2,3980.00,2,3979.90,2,3979.60,1,3979.50,2,3979.40,2,3979.30,1,3979.00,2,3980.60,2,3981.20,1,3981.60,1,3981.70,2,3981.80,2,3981.90,7,3982.00,4,3982.10,3,3982.20,5,3982.30,3,Sell,58,45,103,13.00,22.00,1.00,2.00,80.0,3981.90,3982.30,3980.30,3980.30,98,53,151,45.00,55.00,-10.00,1.20,16.7,0,0,0.2222,0.6923,92.00,72.00,3987.30,-0.8731,DOWN,103.75,1.4554,1.0643
20260716 220008 220,3980.00,2,3980.20,3980.40,0.20,3980.30,1,3980.20,2,3980.10,2,3980.00,2,3979.90,2,3979.60,1,3979.50,2,3979.40,2,3979.30,1,3979.00,2,3980.60,2,3981.20,1,3981.60,1,3981.70,2,3981.80,2,3981.90,7,3982.00,4,3982.10,3,3982.20,5,3982.30,3,Sell,58,47,105,11.00,22.00,1.00,2.30,82.6,3981.90,3982.30,3980.00,3980.00,98,53,151,45.00,55.00,-10.00,1.20,16.7,0,0,0.2222,1.0000,90.00,70.00,3987.27,-0.8826,DOWN,103.75,1.4554,1.0857
20260716 220008 220,3980.00,1,3980.20,3980.40,0.20,3980.30,1,3980.20,2,3980.10,2,3980.00,2,3979.90,2,3979.60,1,3979.50,2,3979.40,2,3979.30,1,3979.00,2,3980.60,2,3981.20,1,3981.60,1,3981.70,2,3981.80,2,3981.90,7,3982.00,4,3982.10,3,3982.20,5,3982.30,3,Sell,58,48,106,10.00,22.00,1.00,2.30,82.6,3981.90,3982.30,3980.00,3980.00,98,53,151,45.00,55.00,-10.00,1.20,16.7,0,0,0.2222,1.2000,89.00,69.00,3987.27,-0.8826,DOWN,103.75,1.4554,1.0857
20260716 220008 248,3980.60,1,3980.20,3980.40,0.20,3980.30,1,3980.20,2,3980.10,2,3980.00,2,3979.90,2,3979.60,1,3979.50,2,3979.40,2,3979.30,1,3979.00,2,3980.60,2,3981.20,1,3981.60,1,3981.70,2,3981.80,2,3981.90,7,3982.00,4,3982.10,3,3982.20,5,3982.30,3,Buy,59,48,107,11.00,22.00,1.00,2.30,56.5,3981.90,3982.30,3980.00,3980.60,98,53,151,45.00,55.00,-10.00,1.20,16.7,0,0,0.2222,1.0000,90.00,70.00,3987.33,-0.8636,DOWN,103.75,1.4554,1.0857
20260716 220008 249,3980.60,1,3980.20,3980.40,0.20,3980.30,1,3980.20,2,3980.10,2,3980.00,2,3979.90,2,3979.60,1,3979.50,2,3979.40,2,3979.30,1,3979.00,2,3980.60,2,3981.20,1,3981.60,1,3981.70,2,3981.80,2,3981.90,7,3982.00,4,3982.10,3,3982.20,5,3982.30,3,Buy,60,48,108,12.00,22.00,1.00,2.30,56.5,3981.90,3982.30,3980.00,3980.60,98,53,151,45.00,55.00,-10.00,1.20,16.7,0,0,0.2222,0.8333,91.00,71.00,3987.33,-0.8636,DOWN,103.75,1.4554,1.0857
20260716 220008 262,3980.60,1,3980.20,3980.40,0.20,3980.30,1,3980.20,2,3980.10,2,3980.00,2,3979.90,2,3979.60,1,3979.50,2,3979.40,2,3979.30,1,3979.00,2,3980.60,2,3981.20,1,3981.60,1,3981.70,2,3981.80,2,3981.90,7,3982.00,4,3982.10,3,3982.20,5,3982.30,3,Buy,61,48,109,13.00,22.00,1.00,2.30,56.5,3981.90,3982.30,3980.00,3980.60,98,53,151,45.00,55.00,-10.00,1.20,16.7,0,0,0.2222,0.6923,92.00,72.00,3987.33,-0.8636,DOWN,103.75,1.4554,1.0857
20260716 220008 265,3980.40,1,3980.20,3980.40,0.20,3980.30,1,3980.20,2,3980.10,2,3980.00,2,3979.90,2,3979.60,1,3979.50,2,3979.40,2,3979.30,1,3979.00,2,3980.60,2,3981.20,1,3981.60,1,3981.70,2,3981.80,2,3981.90,7,3982.00,4,3982.10,3,3982.20,5,3982.30,3,Buy,62,48,110,14.00,22.00,1.00,2.30,65.2,3981.90,3982.30,3980.00,3980.40,98,53,151,45.00,55.00,-10.00,1.20,16.7,0,0,0.2222,0.5714,93.00,73.00,3987.31,-0.8699,DOWN,103.75,1.4554,1.0857
20260716 220008 760,3980.60,1,3980.00,3980.60,0.60,3980.00,3,3979.90,2,3979.40,2,3979.30,1,3979.00,2,3978.80,2,3978.70,9,3978.60,8,3978.50,5,3978.40,5,3980.60,1,3980.70,2,3980.90,1,3981.00,2,3981.70,4,3981.80,3,3981.90,6,3982.00,3,3982.10,3,3982.20,5,Buy,63,48,111,15.00,22.00,1.00,2.30,56.5,3981.90,3982.30,3980.00,3980.60,98,53,151,45.00,55.00,-10.00,1.20,16.7,0,0,0.2222,0.4667,94.00,74.00,3987.33,-0.8636,DOWN,103.75,1.4554,1.0857
20260716 220009 967,3980.60,2,3980.30,3980.80,0.50,3980.30,3,3980.10,3,3980.00,2,3979.90,2,3979.40,2,3979.30,1,3979.10,2,3979.00,2,3978.90,1,3978.80,2,3980.80,2,3980.90,1,3981.00,2,3981.10,4,3981.20,2,3981.40,3,3981.70,4,3981.80,3,3981.90,5,3982.00,2,Buy,65,48,113,17.00,22.00,1.00,2.30,56.5,3981.90,3982.30,3980.00,3980.60,98,53,151,45.00,55.00,-10.00,1.20,16.7,0,0,0.2222,0.2941,96.00,76.00,3987.33,-0.8636,DOWN,103.75,1.4554,1.0857
20260716 220009 967,3980.70,1,3980.30,3980.80,0.50,3980.30,3,3980.10,3,3980.00,2,3979.90,2,3979.40,2,3979.30,1,3979.10,2,3979.00,2,3978.90,1,3978.80,2,3980.80,2,3980.90,1,3981.00,2,3981.10,4,3981.20,2,3981.40,3,3981.70,4,3981.80,3,3981.90,5,3982.00,2,Buy,66,48,114,18.00,22.00,1.00,2.30,52.2,3981.90,3982.30,3980.00,3980.70,98,53,151,45.00,55.00,-10.00,1.20,16.7,0,0,0.2222,0.2222,97.00,77.00,3987.34,-0.8604,DOWN,103.75,1.4554,1.0857
20260716 220009 967,3980.70,1,3980.30,3980.80,0.50,3980.30,3,3980.10,3,3980.00,2,3979.90,2,3979.40,2,3979.30,1,3979.10,2,3979.00,2,3978.90,1,3978.80,2,3980.80,2,3980.90,1,3981.00,2,3981.10,4,3981.20,2,3981.40,3,3981.70,4,3981.80,3,3981.90,5,3982.00,2,Buy,67,48,115,19.00,22.00,1.00,2.30,52.2,3981.90,3982.30,3980.00,3980.70,98,53,151,45.00,55.00,-10.00,1.20,16.7,0,0,0.2222,0.1579,98.00,78.00,3987.34,-0.8604,DOWN,103.75,1.4554,1.0857
20260716 220009 967,3980.70,1,3980.30,3980.80,0.50,3980.30,3,3980.10,3,3980.00,2,3979.90,2,3979.40,2,3979.30,1,3979.10,2,3979.00,2,3978.90,1,3978.80,2,3980.80,2,3980.90,1,3981.00,2,3981.10,4,3981.20,2,3981.40,3,3981.70,4,3981.80,3,3981.90,5,3982.00,2,Buy,68,48,116,20.00,22.00,1.00,2.30,52.2,3981.90,3982.30,3980.00,3980.70,98,53,151,45.00,55.00,-10.00,1.20,16.7,0,0,0.2222,0.1000,99.00,79.00,3987.34,-0.8604,DOWN,103.75,1.4554,1.0857
20260716 220009 967,3980.80,1,3980.30,3980.80,0.50,3980.30,3,3980.10,3,3980.00,2,3979.90,2,3979.40,2,3979.30,1,3979.10,2,3979.00,2,3978.90,1,3978.80,2,3980.80,2,3980.90,1,3981.00,2,3981.10,4,3981.20,2,3981.40,3,3981.70,4,3981.80,3,3981.90,5,3982.00,2,Buy,69,48,117,21.00,22.00,1.00,2.30,47.8,3981.90,3982.30,3980.00,3980.80,98,53,151,45.00,55.00,-10.00,1.20,16.7,0,0,0.2222,0.0476,100.00,80.00,3987.35,-0.8572,DOWN,103.75,1.4554,1.0857
20260716 220009 967,3980.80,1,3980.30,3980.80,0.50,3980.30,3,3980.10,3,3980.00,2,3979.90,2,3979.40,2,3979.30,1,3979.10,2,3979.00,2,3978.90,1,3978.80,2,3980.80,2,3980.90,1,3981.00,2,3981.10,4,3981.20,2,3981.40,3,3981.70,4,3981.80,3,3981.90,5,3982.00,2,Buy,70,48,118,22.00,22.00,1.00,2.30,47.8,3981.90,3982.30,3980.00,3980.80,98,53,151,45.00,55.00,-10.00,1.20,16.7,0,0,0.2222,0.0000,101.00,81.00,3987.35,-0.8572,DOWN,103.75,1.4554,1.0857
20260716 220012 204,3980.60,1,3980.30,3980.80,0.50,3980.30,4,3980.10,2,3980.00,3,3979.90,2,3979.50,2,3979.40,2,3979.30,1,3979.20,2,3979.10,2,3979.00,2,3980.80,1,3980.90,3,3981.00,1,3981.10,3,3981.20,2,3981.40,3,3981.70,4,3981.80,3,3981.90,5,3982.00,1,Sell,70,49,119,21.00,22.00,1.00,2.30,56.5,3981.90,3982.30,3980.00,3980.60,98,53,151,45.00,55.00,-10.00,1.20,16.7,0,0,0.2222,0.0476,100.00,80.00,3987.33,-0.8636,DOWN,103.75,1.4554,1.0857
20260716 220012 746,3980.80,1,3980.30,3980.80,0.50,3980.30,4,3980.10,2,3980.00,3,3979.90,2,3979.60,2,3979.40,2,3979.30,1,3979.20,2,3979.10,2,3979.00,2,3980.80,1,3980.90,3,3981.00,1,3981.10,3,3981.20,2,3981.40,3,3981.70,4,3981.80,3,3981.90,5,3982.00,1,Buy,71,49,120,22.00,22.00,1.00,2.30,47.8,3981.90,3982.30,3980.00,3980.80,98,53,151,45.00,55.00,-10.00,1.20,16.7,0,0,0.2222,0.0000,101.00,81.00,3987.35,-0.8572,DOWN,103.75,1.4554,1.0857
20260716 220012 824,3980.80,1,3980.30,3980.80,0.50,3980.30,4,3980.20,1,3980.10,2,3980.00,3,3979.90,2,3979.60,1,3979.40,2,3979.30,1,3979.20,2,3979.10,2,3980.90,2,3981.00,1,3981.10,3,3981.20,2,3981.40,3,3981.70,4,3981.80,3,3981.90,5,3982.00,1,3982.10,2,Buy,72,49,121,23.00,23.00,1.00,2.30,47.8,3981.90,3982.30,3980.00,3980.80,98,53,151,45.00,55.00,-10.00,1.20,16.7,0,0,0.2222,0.0000,102.00,82.00,3987.35,-0.8572,DOWN,103.75,1.4554,1.0857
20260716 220012 824,3980.90,1,3980.30,3980.80,0.50,3980.30,4,3980.20,1,3980.10,2,3980.00,3,3979.90,2,3979.60,1,3979.40,2,3979.30,1,3979.20,2,3979.10,2,3980.90,2,3981.00,1,3981.10,3,3981.20,2,3981.40,3,3981.70,4,3981.80,3,3981.90,5,3982.00,1,3982.10,2,Buy,73,49,122,24.00,24.00,1.00,2.30,43.5,3981.90,3982.30,3980.00,3980.90,98,53,151,45.00,55.00,-10.00,1.20,16.7,0,0,0.2222,0.0000,103.00,83.00,3987.36,-0.8540,DOWN,103.75,1.4554,1.0857
20260716 220017 746,3981.30,1,3980.90,3981.30,0.40,3980.90,2,3980.60,2,3980.50,2,3980.40,2,3980.30,4,3980.00,3,3979.90,2,3979.60,1,3979.50,1,3979.40,3,3981.30,1,3981.40,2,3981.50,2,3981.60,1,3981.70,4,3981.80,7,3981.90,4,3982.10,3,3982.20,5,3982.30,4,Buy,74,49,123,25.00,25.00,1.00,2.30,26.1,3981.90,3982.30,3980.00,3981.30,98,53,151,45.00,55.00,-10.00,1.20,16.7,0,0,0.2222,0.0000,104.00,84.00,3987.39,-0.8413,DOWN,103.75,1.4554,1.0857
20260716 220017 746,3981.30,1,3980.90,3981.30,0.40,3980.90,2,3980.60,2,3980.50,2,3980.40,2,3980.30,4,3980.00,3,3979.90,2,3979.60,1,3979.50,1,3979.40,3,3981.30,1,3981.40,2,3981.50,2,3981.60,1,3981.70,4,3981.80,7,3981.90,4,3982.10,3,3982.20,5,3982.30,4,Buy,75,49,124,26.00,26.00,1.00,2.30,26.1,3981.90,3982.30,3980.00,3981.30,98,53,151,45.00,55.00,-10.00,1.20,16.7,0,0,0.2222,0.0000,105.00,85.00,3987.39,-0.8413,DOWN,103.75,1.4554,1.0857
20260716 220020 715,3981.80,3,3981.80,3981.90,0.10,3981.60,2,3981.50,4,3981.40,3,3981.20,1,3981.10,3,3980.40,2,3980.30,4,3980.20,1,3980.10,1,3980.00,4,3981.80,5,3981.90,1,3982.20,4,3982.30,3,3982.40,2,3982.50,2,3982.60,3,3982.80,3,3983.00,16,3983.10,1,Buy,78,49,127,29.00,29.00,1.00,2.30,4.3,3981.90,3982.30,3980.00,3981.80,98,53,151,45.00,55.00,-10.00,1.20,16.7,0,0,0.2222,0.0000,108.00,88.00,3987.44,-0.8255,DOWN,103.75,1.4554,1.0857
20260716 220020 715,3981.80,2,3981.80,3981.90,0.10,3981.60,2,3981.50,4,3981.40,3,3981.20,1,3981.10,3,3980.40,2,3980.30,4,3980.20,1,3980.10,1,3980.00,4,3981.80,5,3981.90,1,3982.20,4,3982.30,3,3982.40,2,3982.50,2,3982.60,3,3982.80,3,3983.00,16,3983.10,1,Buy,80,49,129,31.00,31.00,1.00,2.30,4.3,3981.90,3982.30,3980.00,3981.80,98,53,151,45.00,55.00,-10.00,1.20,16.7,0,0,0.2222,0.0000,110.00,90.00,3987.44,-0.8255,DOWN,103.75,1.4554,1.0857
20260716 220020 717,3981.90,1,3981.80,3981.90,0.10,3981.60,2,3981.50,4,3981.40,3,3981.20,1,3981.10,3,3980.40,2,3980.30,4,3980.20,1,3980.10,1,3980.00,4,3981.80,5,3981.90,1,3982.20,4,3982.30,3,3982.40,2,3982.50,2,3982.60,3,3982.80,3,3983.00,16,3983.10,1,Buy,81,49,130,32.00,32.00,1.00,2.30,0.0,3981.90,3982.30,3980.00,3981.90,98,53,151,45.00,55.00,-10.00,1.20,16.7,0,0,0.2222,0.0000,111.00,91.00,3987.45,-0.8223,DOWN,103.75,1.4554,1.0857
20260716 220020 876,3982.30,1,3981.90,3982.30,0.40,3981.90,2,3981.80,2,3981.70,4,3981.50,1,3981.40,3,3981.10,3,3980.60,2,3980.40,2,3980.30,5,3980.20,1,3982.50,1,3982.60,3,3982.80,3,3983.00,15,3983.30,1,3983.40,6,3983.50,6,3983.60,5,3983.70,7,3983.80,6,Buy,82,49,131,33.00,33.00,1.00,2.30,17.4,3981.90,3982.30,3980.00,3982.30,98,53,151,45.00,55.00,-10.00,1.20,16.7,0,0,0.2222,0.0000,112.00,92.00,3987.49,-0.8096,DOWN,103.75,1.4554,1.0857
20260716 220020 876,3982.30,1,3981.90,3982.30,0.40,3981.90,2,3981.80,2,3981.70,4,3981.50,1,3981.40,3,3981.10,3,3980.60,2,3980.40,2,3980.30,5,3980.20,1,3982.50,1,3982.60,3,3982.80,3,3983.00,15,3983.30,1,3983.40,6,3983.50,6,3983.60,5,3983.70,7,3983.80,6,Buy,83,49,132,34.00,34.00,1.00,2.30,17.4,3981.90,3982.30,3980.00,3982.30,98,53,151,45.00,55.00,-10.00,1.20,16.7,0,0,0.2222,0.0000,113.00,93.00,3987.49,-0.8096,DOWN,103.75,1.4554,1.0857
20260716 220020 876,3982.40,1,3981.90,3982.30,0.40,3981.90,2,3981.80,2,3981.70,4,3981.50,1,3981.40,3,3981.10,3,3980.60,2,3980.40,2,3980.30,5,3980.20,1,3982.50,1,3982.60,3,3982.80,3,3983.00,15,3983.30,1,3983.40,6,3983.50,6,3983.60,5,3983.70,7,3983.80,6,Buy,84,49,133,35.00,35.00,1.00,2.40,20.8,3981.90,3982.40,3980.00,3982.40,98,53,151,45.00,55.00,-10.00,1.20,16.7,0,0,0.2222,0.0000,114.00,94.00,3987.50,-0.8064,DOWN,103.75,1.4554,1.0929
20260716 220020 876,3982.40,1,3981.90,3982.30,0.40,3981.90,2,3981.80,2,3981.70,4,3981.50,1,3981.40,3,3981.10,3,3980.60,2,3980.40,2,3980.30,5,3980.20,1,3982.50,1,3982.60,3,3982.80,3,3983.00,15,3983.30,1,3983.40,6,3983.50,6,3983.60,5,3983.70,7,3983.80,6,Buy,85,49,134,36.00,36.00,1.00,2.40,20.8,3981.90,3982.40,3980.00,3982.40,98,53,151,45.00,55.00,-10.00,1.20,16.7,0,0,0.2222,0.0000,115.00,95.00,3987.50,-0.8064,DOWN,103.75,1.4554,1.0929
20260716 220020 876,3982.50,1,3981.90,3982.30,0.40,3981.90,2,3981.80,2,3981.70,4,3981.50,1,3981.40,3,3981.10,3,3980.60,2,3980.40,2,3980.30,5,3980.20,1,3982.50,1,3982.60,3,3982.80,3,3983.00,15,3983.30,1,3983.40,6,3983.50,6,3983.60,5,3983.70,7,3983.80,6,Buy,86,49,135,37.00,37.00,1.00,2.50,24.0,3981.90,3982.50,3980.00,3982.50,98,53,151,45.00,55.00,-10.00,1.20,16.7,0,0,0.2222,0.0000,116.00,96.00,3987.51,-0.8032,DOWN,103.75,1.4554,1.1000
20260716 220022 036,3982.60,1,3981.50,3982.00,0.50,3981.50,2,3981.40,2,3981.20,4,3981.10,3,3980.40,2,3980.30,5,3980.20,1,3980.00,4,3979.90,7,3979.80,5,3982.00,2,3982.10,1,3982.20,4,3982.30,3,3982.40,2,3982.50,2,3982.60,3,3982.80,2,3983.00,16,3983.10,1,Buy,87,49,136,38.00,38.00,1.00,2.60,26.9,3981.90,3982.60,3980.00,3982.60,98,53,151,45.00,55.00,-10.00,1.20,16.7,0,0,0.2222,0.0000,117.00,97.00,3987.52,-0.8001,DOWN,103.75,1.4554,1.1072
20260716 220022 040,3982.40,1,3981.50,3982.00,0.50,3981.50,2,3981.40,2,3981.20,4,3981.10,3,3980.40,2,3980.30,5,3980.20,1,3980.00,4,3979.90,7,3979.80,5,3982.00,2,3982.10,1,3982.20,4,3982.30,3,3982.40,2,3982.50,2,3982.60,3,3982.80,2,3983.00,16,3983.10,1,Sell,87,50,137,37.00,38.00,1.00,2.60,19.2,3981.90,3982.60,3980.00,3982.40,98,53,151,45.00,55.00,-10.00,1.20,16.7,0,0,0.2222,0.0270,116.00,96.00,3987.50,-0.8064,DOWN,103.75,1.4554,1.1072
20260716 220022 040,3982.30,1,3981.50,3982.00,0.50,3981.50,2,3981.40,2,3981.20,4,3981.10,3,3980.40,2,3980.30,5,3980.20,1,3980.00,4,3979.90,7,3979.80,5,3982.00,2,3982.10,1,3982.20,4,3982.30,3,3982.40,2,3982.50,2,3982.60,3,3982.80,2,3983.00,16,3983.10,1,Sell,87,51,138,36.00,38.00,1.00,2.60,15.4,3981.90,3982.60,3980.00,3982.30,98,53,151,45.00,55.00,-10.00,1.20,16.7,0,0,0.2222,0.0556,115.00,95.00,3987.49,-0.8096,DOWN,103.75,1.4554,1.1072
20260716 220022 040,3982.30,1,3981.50,3982.00,0.50,3981.50,2,3981.40,2,3981.20,4,3981.10,3,3980.40,2,3980.30,5,3980.20,1,3980.00,4,3979.90,7,3979.80,5,3982.00,2,3982.10,1,3982.20,4,3982.30,3,3982.40,2,3982.50,2,3982.60,3,3982.80,2,3983.00,16,3983.10,1,Sell,87,52,139,35.00,38.00,1.00,2.60,15.4,3981.90,3982.60,3980.00,3982.30,98,53,151,45.00,55.00,-10.00,1.20,16.7,0,0,0.2222,0.0857,114.00,94.00,3987.49,-0.8096,DOWN,103.75,1.4554,1.1072
20260716 220022 041,3982.20,1,3981.50,3982.00,0.50,3981.50,2,3981.40,2,3981.20,4,3981.10,3,3980.40,2,3980.30,5,3980.20,1,3980.00,4,3979.90,7,3979.80,5,3982.00,2,3982.10,1,3982.20,4,3982.30,3,3982.40,2,3982.50,2,3982.60,3,3982.80,2,3983.00,16,3983.10,1,Sell,87,53,140,34.00,38.00,1.00,2.60,11.5,3981.90,3982.60,3980.00,3982.20,98,53,151,45.00,55.00,-10.00,1.20,16.7,0,0,0.2222,0.1176,113.00,93.00,3987.48,-0.8128,DOWN,103.75,1.4554,1.1072
20260716 220022 041,3982.20,1,3981.50,3982.00,0.50,3981.50,2,3981.40,2,3981.20,4,3981.10,3,3980.40,2,3980.30,5,3980.20,1,3980.00,4,3979.90,7,3979.80,5,3982.00,2,3982.10,1,3982.20,4,3982.30,3,3982.40,2,3982.50,2,3982.60,3,3982.80,2,3983.00,16,3983.10,1,Sell,87,54,141,33.00,38.00,1.00,2.60,11.5,3981.90,3982.60,3980.00,3982.20,98,53,151,45.00,55.00,-10.00,1.20,16.7,0,0,0.2222,0.1515,112.00,92.00,3987.48,-0.8128,DOWN,103.75,1.4554,1.1072
20260716 220022 041,3982.20,1,3981.50,3982.00,0.50,3981.50,2,3981.40,2,3981.20,4,3981.10,3,3980.40,2,3980.30,5,3980.20,1,3980.00,4,3979.90,7,3979.80,5,3982.00,2,3982.10,1,3982.20,4,3982.30,3,3982.40,2,3982.50,2,3982.60,3,3982.80,2,3983.00,16,3983.10,1,Sell,87,55,142,32.00,38.00,1.00,2.60,11.5,3981.90,3982.60,3980.00,3982.20,98,53,151,45.00,55.00,-10.00,1.20,16.7,0,0,0.2222,0.1875,111.00,91.00,3987.48,-0.8128,DOWN,103.75,1.4554,1.1072
20260716 220022 043,3982.10,1,3981.50,3982.00,0.50,3981.50,2,3981.40,2,3981.20,4,3981.10,3,3980.40,2,3980.30,5,3980.20,1,3980.00,4,3979.90,7,3979.80,5,3982.00,2,3982.10,1,3982.20,4,3982.30,3,3982.40,2,3982.50,2,3982.60,3,3982.80,2,3983.00,16,3983.10,1,Sell,87,56,143,31.00,38.00,1.00,2.60,7.7,3981.90,3982.60,3980.00,3982.10,98,53,151,45.00,55.00,-10.00,1.20,16.7,0,0,0.2222,0.2258,110.00,90.00,3987.47,-0.8159,DOWN,103.75,1.4554,1.1072
20260716 220022 342,3982.00,1,3981.60,3982.00,0.40,3981.60,1,3981.50,2,3981.40,3,3981.20,4,3981.10,3,3980.40,2,3980.30,5,3980.20,1,3980.00,4,3979.90,7,3982.00,1,3982.10,2,3982.20,4,3982.30,2,3982.40,3,3982.50,2,3982.60,3,3982.80,2,3983.00,16,3983.10,1,Buy,88,56,144,32.00,38.00,1.00,2.60,3.8,3981.90,3982.60,3980.00,3982.00,98,53,151,45.00,55.00,-10.00,1.20,16.7,0,0,0.2222,0.1875,111.00,91.00,3987.46,-0.8191,DOWN,103.75,1.4554,1.1072
20260716 220022 747,3982.00,1,3981.60,3982.00,0.40,3981.60,1,3981.50,2,3981.40,3,3981.20,4,3981.10,3,3980.40,2,3980.30,5,3980.20,1,3980.00,4,3979.90,7,3982.00,2,3982.10,2,3982.20,4,3982.30,2,3982.40,3,3982.50,2,3982.60,3,3982.80,2,3983.00,16,3983.10,1,Buy,89,56,145,33.00,38.00,1.00,2.60,3.8,3981.90,3982.60,3980.00,3982.00,98,53,151,45.00,55.00,-10.00,1.20,16.7,0,0,0.2222,0.1515,112.00,92.00,3987.46,-0.8191,DOWN,103.75,1.4554,1.1072
20260716 220022 747,3982.00,1,3981.60,3982.00,0.40,3981.60,1,3981.50,2,3981.40,3,3981.20,4,3981.10,3,3980.40,2,3980.30,5,3980.20,1,3980.00,4,3979.90,7,3982.00,2,3982.10,2,3982.20,4,3982.30,2,3982.40,3,3982.50,2,3982.60,3,3982.80,2,3983.00,16,3983.10,1,Buy,90,56,146,34.00,38.00,1.00,2.60,3.8,3981.90,3982.60,3980.00,3982.00,98,53,151,45.00,55.00,-10.00,1.20,16.7,0,0,0.2222,0.1176,113.00,93.00,3987.46,-0.8191,DOWN,103.75,1.4554,1.1072
20260716 220023 506,3981.90,1,3981.90,3982.30,0.40,3981.90,4,3981.70,4,3981.50,2,3981.40,3,3981.10,3,3980.70,1,3980.50,2,3980.40,3,3980.30,5,3980.20,1,3982.30,1,3982.40,1,3982.50,2,3982.60,3,3982.70,2,3982.80,2,3983.00,15,3983.40,3,3983.50,3,3983.70,3,Buy,91,56,147,35.00,38.00,1.00,2.60,0.0,3981.90,3982.60,3980.00,3981.90,98,53,151,45.00,55.00,-10.00,1.20,16.7,0,0,0.2222,0.0857,114.00,94.00,3987.45,-0.8223,DOWN,103.75,1.4554,1.1072
20260716 220023 533,3982.20,1,3981.90,3982.30,0.40,3981.90,4,3981.70,4,3981.50,2,3981.40,3,3981.10,3,3980.70,1,3980.50,2,3980.40,3,3980.30,5,3980.20,1,3982.30,1,3982.40,1,3982.50,2,3982.60,3,3982.70,2,3982.80,2,3983.00,15,3983.40,3,3983.50,3,3983.70,3,Buy,92,56,148,36.00,38.00,1.00,2.60,11.5,3981.90,3982.60,3980.00,3982.20,98,53,151,45.00,55.00,-10.00,1.20,16.7,0,0,0.2222,0.0556,115.00,95.00,3987.48,-0.8128,DOWN,103.75,1.4554,1.1072
20260716 220024 531,3982.50,1,3982.30,3982.50,0.20,3982.50,2,3982.30,1,3982.20,3,3982.10,1,3981.90,3,3981.80,2,3981.70,3,3981.40,3,3981.30,2,3981.10,4,3983.00,9,3983.30,1,3983.40,2,3983.50,2,3983.70,2,3983.80,2,3984.00,3,3984.10,12,3984.20,5,3984.30,4,Buy,93,56,149,37.00,38.00,1.00,2.60,23.1,3981.90,3982.60,3980.00,3982.50,98,53,151,45.00,55.00,-10.00,1.20,16.7,0,0,0.2222,0.0270,116.00,96.00,3987.51,-0.8032,DOWN,103.75,1.4554,1.1072
20260716 220024 531,3982.60,1,3982.30,3982.50,0.20,3982.50,2,3982.30,1,3982.20,3,3982.10,1,3981.90,3,3981.80,2,3981.70,3,3981.40,3,3981.30,2,3981.10,4,3983.00,9,3983.30,1,3983.40,2,3983.50,2,3983.70,2,3983.80,2,3984.00,3,3984.10,12,3984.20,5,3984.30,4,Buy,94,56,150,38.00,38.00,1.00,2.60,26.9,3981.90,3982.60,3980.00,3982.60,98,53,151,45.00,55.00,-10.00,1.20,16.7,0,0,0.2222,0.0000,117.00,97.00,3987.52,-0.8001,DOWN,103.75,1.4554,1.1072
20260716 220024 531,3982.80,1,3982.30,3982.50,0.20,3982.50,2,3982.30,1,3982.20,3,3982.10,1,3981.90,3,3981.80,2,3981.70,3,3981.40,3,3981.30,2,3981.10,4,3983.00,9,3983.30,1,3983.40,2,3983.50,2,3983.70,2,3983.80,2,3984.00,3,3984.10,12,3984.20,5,3984.30,4,Buy,95,56,151,39.00,39.00,1.00,2.80,32.1,3981.90,3982.80,3980.00,3982.80,98,53,151,45.00,55.00,-10.00,1.20,16.7,0,0,0.2222,0.0000,118.00,98.00,3987.54,-0.7937,DOWN,103.75,1.4554,1.1214
20260716 220024 531,3983.00,2,3982.30,3982.50,0.20,3982.50,2,3982.30,1,3982.20,3,3982.10,1,3981.90,3,3981.80,2,3981.70,3,3981.40,3,3981.30,2,3981.10,4,3983.00,9,3983.30,1,3983.40,2,3983.50,2,3983.70,2,3983.80,2,3984.00,3,3984.10,12,3984.20,5,3984.30,4,Buy,97,56,153,41.00,41.00,1.00,3.00,36.7,3981.90,3983.00,3980.00,3983.00,98,53,151,45.00,55.00,-10.00,1.20,16.7,0,0,0.2222,0.0000,120.00,100.00,3987.56,-0.7874,DOWN,103.75,1.4554,1.1357
20260716 220024 531,3983.00,1,3982.30,3982.50,0.20,3982.50,2,3982.30,1,3982.20,3,3982.10,1,3981.90,3,3981.80,2,3981.70,3,3981.40,3,3981.30,2,3981.10,4,3983.00,9,3983.30,1,3983.40,2,3983.50,2,3983.70,2,3983.80,2,3984.00,3,3984.10,12,3984.20,5,3984.30,4,Buy,98,56,154,42.00,42.00,1.00,3.00,36.7,3981.90,3983.00,3980.00,3983.00,98,53,151,45.00,55.00,-10.00,1.20,16.7,0,0,0.2222,0.0000,121.00,101.00,3987.56,-0.7874,DOWN,103.75,1.4554,1.1357
20260716 220024 835,3983.00,9,3982.80,3983.20,0.40,3982.80,2,3982.70,2,3982.50,2,3982.30,1,3982.20,3,3982.10,1,3981.90,3,3981.70,3,3981.50,2,3981.40,3,3983.20,1,3983.30,2,3983.40,3,3983.50,2,3983.60,2,3983.70,2,3983.80,2,3984.00,2,3984.10,2,3984.20,1,Buy,107,56,163,51.00,51.00,1.00,3.00,36.7,3981.90,3983.00,3980.00,3983.00,98,53,151,45.00,55.00,-10.00,1.20,16.7,0,0,0.2222,0.0000,130.00,110.00,3987.56,-0.7874,DOWN,103.75,1.4554,1.1357
20260716 220024 907,3982.80,2,3982.70,3983.20,0.50,3982.70,1,3982.60,4,3982.40,2,3982.30,1,3982.20,3,3982.10,1,3981.90,3,3981.70,3,3981.50,2,3981.40,3,3983.20,2,3983.30,2,3983.40,4,3983.50,2,3983.70,2,3983.80,2,3984.00,2,3984.10,3,3984.20,1,3984.30,4,Sell,107,58,165,49.00,51.00,1.00,3.00,30.0,3981.90,3983.00,3980.00,3982.80,98,53,151,45.00,55.00,-10.00,1.20,16.7,0,0,0.2222,0.0408,128.00,108.00,3987.54,-0.7937,DOWN,103.75,1.4554,1.1357
20260716 220025 926,3983.00,1,3983.00,3983.40,0.40,3983.00,2,3982.80,1,3982.60,3,3982.30,2,3982.20,4,3982.10,2,3981.90,3,3981.80,1,3981.70,4,3981.60,1,3983.40,2,3983.50,3,3983.70,3,3983.80,2,3984.00,2,3984.10,2,3984.30,4,3984.40,12,3984.50,2,3984.60,1,Sell,107,59,166,48.00,51.00,1.00,3.00,36.7,3981.90,3983.00,3980.00,3983.00,98,53,151,45.00,55.00,-10.00,1.20,16.7,0,0,0.2222,0.0625,127.00,107.00,3987.56,-0.7874,DOWN,103.75,1.4554,1.1357
20260716 220026 557,3983.40,1,3983.00,3983.40,0.40,3983.10,2,3983.00,3,3982.90,1,3982.80,2,3982.70,3,3982.60,3,3982.20,4,3982.10,2,3981.90,4,3981.80,1,3983.60,3,3983.70,2,3983.80,2,3984.00,2,3984.10,3,3984.30,5,3984.40,2,3984.50,2,3984.60,11,3984.70,10,Buy,108,59,167,49.00,51.00,1.00,3.40,44.1,3981.90,3983.40,3980.00,3983.40,98,53,151,45.00,55.00,-10.00,1.20,16.7,0,0,0.2222,0.0408,128.00,108.00,3987.59,-0.7747,DOWN,103.75,1.4554,1.1643
20260716 220027 329,3983.60,1,3983.30,3983.70,0.40,3983.30,2,3983.10,2,3983.00,3,3982.90,1,3982.80,2,3982.60,3,3982.20,4,3982.10,3,3982.00,1,3981.90,4,3983.70,1,3983.80,2,3984.00,2,3984.10,3,3984.30,5,3984.40,2,3984.50,2,3984.60,11,3984.70,10,3984.80,10,Buy,109,59,168,50.00,51.00,1.00,3.60,47.2,3981.90,3983.60,3980.00,3983.60,98,53,151,45.00,55.00,-10.00,1.20,16.7,0,0,0.2222,0.0200,129.00,109.00,3987.61,-0.7683,DOWN,103.75,1.4554,1.1786
20260716 220027 516,3983.70,1,3983.30,3983.70,0.40,3983.30,2,3983.20,1,3983.10,2,3983.00,3,3982.90,1,3982.80,2,3982.60,3,3982.20,4,3982.10,3,3982.00,1,3983.80,2,3983.90,3,3984.00,2,3984.10,3,3984.20,1,3984.30,4,3984.40,2,3984.50,2,3984.60,11,3984.70,10,Buy,110,59,169,51.00,51.00,1.00,3.70,48.6,3981.90,3983.70,3980.00,3983.70,98,53,151,45.00,55.00,-10.00,1.20,16.7,0,0,0.2222,0.0000,130.00,110.00,3987.62,-0.7651,DOWN,103.75,1.4554,1.1857
20260716 220027 536,3983.80,1,3983.30,3983.80,0.50,3983.30,2,3983.20,2,3983.10,3,3983.00,3,3982.80,2,3982.60,3,3982.20,4,3982.10,3,3982.00,1,3981.90,4,3983.80,1,3983.90,3,3984.00,2,3984.10,3,3984.30,5,3984.40,2,3984.50,2,3984.60,11,3984.70,10,3984.80,10,Buy,111,59,170,52.00,52.00,1.00,3.80,50.0,3981.90,3983.80,3980.00,3983.80,98,53,151,45.00,55.00,-10.00,1.20,16.7,0,0,0.2222,0.0000,131.00,111.00,3987.63,-0.7620,DOWN,103.75,1.4554,1.1929
20260716 220027 747,3983.80,1,3983.30,3983.70,0.40,3983.30,3,3983.10,2,3983.00,3,3982.80,2,3982.70,2,3982.60,3,3982.20,5,3982.10,3,3982.00,1,3981.90,4,3983.70,1,3983.80,3,3983.90,2,3984.00,3,3984.10,3,3984.30,4,3984.40,2,3984.50,2,3984.60,11,3984.70,10,Buy,112,59,171,53.00,53.00,1.00,3.80,50.0,3981.90,3983.80,3980.00,3983.80,98,53,151,45.00,55.00,-10.00,1.20,16.7,0,0,0.2222,0.0000,132.00,112.00,3987.63,-0.7620,DOWN,103.75,1.4554,1.1929
20260716 220028 405,3983.40,2,3983.40,3983.60,0.20,3983.40,1,3983.30,1,3983.20,1,3983.10,2,3983.00,3,3982.80,2,3982.60,3,3982.30,1,3982.20,5,3982.10,3,3983.60,1,3983.70,2,3983.80,2,3983.90,2,3984.00,3,3984.10,3,3984.30,4,3984.40,2,3984.50,2,3984.60,11,Sell,112,61,173,51.00,53.00,1.00,3.80,39.5,3981.90,3983.80,3980.00,3983.40,98,53,151,45.00,55.00,-10.00,1.20,16.7,0,0,0.2222,0.0392,130.00,110.00,3987.59,-0.7747,DOWN,103.75,1.4554,1.1929
20260716 220028 405,3983.40,1,3983.40,3983.60,0.20,3983.40,1,3983.30,1,3983.20,1,3983.10,2,3983.00,3,3982.80,2,3982.60,3,3982.30,1,3982.20,5,3982.10,3,3983.60,1,3983.70,2,3983.80,2,3983.90,2,3984.00,3,3984.10,3,3984.30,4,3984.40,2,3984.50,2,3984.60,11,Sell,112,62,174,50.00,53.00,1.00,3.80,39.5,3981.90,3983.80,3980.00,3983.40,98,53,151,45.00,55.00,-10.00,1.20,16.7,0,0,0.2222,0.0600,129.00,109.00,3987.59,-0.7747,DOWN,103.75,1.4554,1.1929
20260716 220028 405,3983.40,1,3983.40,3983.60,0.20,3983.40,1,3983.30,1,3983.20,1,3983.10,2,3983.00,3,3982.80,2,3982.60,3,3982.30,1,3982.20,5,3982.10,3,3983.60,1,3983.70,2,3983.80,2,3983.90,2,3984.00,3,3984.10,3,3984.30,4,3984.40,2,3984.50,2,3984.60,11,Sell,112,63,175,49.00,53.00,1.00,3.80,39.5,3981.90,3983.80,3980.00,3983.40,98,53,151,45.00,55.00,-10.00,1.20,16.7,0,0,0.2222,0.0816,128.00,108.00,3987.59,-0.7747,DOWN,103.75,1.4554,1.1929
20260716 220029 590,3983.20,2,3982.60,3983.10,0.50,3982.60,2,3982.50,2,3982.40,2,3982.30,3,3982.20,4,3982.10,2,3981.90,3,3981.70,3,3981.50,2,3981.40,4,3983.10,3,3983.20,2,3983.30,2,3983.40,5,3983.50,3,3983.60,2,3983.70,2,3983.80,2,3983.90,1,3984.00,2,Sell,112,65,177,47.00,53.00,1.00,3.80,34.2,3981.90,3983.80,3980.00,3983.20,98,53,151,45.00,55.00,-10.00,1.20,16.7,0,0,0.2222,0.1277,126.00,106.00,3987.57,-0.7810,DOWN,103.75,1.4554,1.1929
20260716 220029 590,3983.10,1,3982.60,3983.10,0.50,3982.60,2,3982.50,2,3982.40,2,3982.30,3,3982.20,4,3982.10,2,3981.90,3,3981.70,3,3981.50,2,3981.40,4,3983.10,3,3983.20,2,3983.30,2,3983.40,5,3983.50,3,3983.60,2,3983.70,2,3983.80,2,3983.90,1,3984.00,2,Sell,112,66,178,46.00,53.00,1.00,3.80,31.6,3981.90,3983.80,3980.00,3983.10,98,53,151,45.00,55.00,-10.00,1.20,16.7,0,0,0.2222,0.1522,125.00,105.00,3987.57,-0.7842,DOWN,103.75,1.4554,1.1929
20260716 220029 590,3983.10,1,3982.60,3983.10,0.50,3982.60,2,3982.50,2,3982.40,2,3982.30,3,3982.20,4,3982.10,2,3981.90,3,3981.70,3,3981.50,2,3981.40,4,3983.10,3,3983.20,2,3983.30,2,3983.40,5,3983.50,3,3983.60,2,3983.70,2,3983.80,2,3983.90,1,3984.00,2,Sell,112,67,179,45.00,53.00,1.00,3.80,31.6,3981.90,3983.80,3980.00,3983.10,98,53,151,45.00,55.00,-10.00,1.20,16.7,0,0,0.2222,0.1778,124.00,104.00,3987.57,-0.7842,DOWN,103.75,1.4554,1.1929
20260716 220029 590,3983.10,1,3982.60,3983.10,0.50,3982.60,2,3982.50,2,3982.40,2,3982.30,3,3982.20,4,3982.10,2,3981.90,3,3981.70,3,3981.50,2,3981.40,4,3983.10,3,3983.20,2,3983.30,2,3983.40,5,3983.50,3,3983.60,2,3983.70,2,3983.80,2,3983.90,1,3984.00,2,Sell,112,68,180,44.00,53.00,1.00,3.80,31.6,3981.90,3983.80,3980.00,3983.10,98,53,151,45.00,55.00,-10.00,1.20,16.7,0,0,0.2222,0.2045,123.00,103.00,3987.57,-0.7842,DOWN,103.75,1.4554,1.1929
20260716 220029 597,3982.80,1,3982.60,3983.10,0.50,3982.60,2,3982.50,2,3982.40,2,3982.30,3,3982.20,4,3982.10,2,3981.90,3,3981.70,3,3981.50,2,3981.40,4,3983.10,3,3983.20,2,3983.30,2,3983.40,5,3983.50,3,3983.60,2,3983.70,2,3983.80,2,3983.90,1,3984.00,2,Sell,112,69,181,43.00,53.00,1.00,3.80,23.7,3981.90,3983.80,3980.00,3982.80,98,53,151,45.00,55.00,-10.00,1.20,16.7,0,0,0.2222,0.2326,122.00,102.00,3987.54,-0.7937,DOWN,103.75,1.4554,1.1929
20260716 220029 607,3983.00,1,3982.60,3983.10,0.50,3982.60,2,3982.50,2,3982.40,2,3982.30,3,3982.20,4,3982.10,2,3981.90,3,3981.70,3,3981.50,2,3981.40,4,3983.10,3,3983.20,2,3983.30,2,3983.40,5,3983.50,3,3983.60,2,3983.70,2,3983.80,2,3983.90,1,3984.00,2,Buy,113,69,182,44.00,53.00,1.00,3.80,28.9,3981.90,3983.80,3980.00,3983.00,98,53,151,45.00,55.00,-10.00,1.20,16.7,0,0,0.2222,0.2045,123.00,103.00,3987.56,-0.7874,DOWN,103.75,1.4554,1.1929
20260716 220029 799,3982.90,1,3982.60,3983.00,0.40,3982.60,3,3982.40,3,3982.30,2,3982.20,4,3982.10,2,3982.00,1,3981.90,3,3981.70,3,3981.50,2,3981.40,4,3983.00,1,3983.10,2,3983.20,2,3983.30,3,3983.40,4,3983.50,4,3983.60,2,3983.70,2,3983.80,2,3983.90,1,Buy,114,69,183,45.00,53.00,1.00,3.80,26.3,3981.90,3983.80,3980.00,3982.90,98,53,151,45.00,55.00,-10.00,1.20,16.7,0,0,0.2222,0.1778,124.00,104.00,3987.55,-0.7905,DOWN,103.75,1.4554,1.1929
20260716 220029 799,3982.90,1,3982.60,3983.00,0.40,3982.60,3,3982.40,3,3982.30,2,3982.20,4,3982.10,2,3982.00,1,3981.90,3,3981.70,3,3981.50,2,3981.40,4,3983.00,1,3983.10,2,3983.20,2,3983.30,3,3983.40,4,3983.50,4,3983.60,2,3983.70,2,3983.80,2,3983.90,1,Buy,115,69,184,46.00,53.00,1.00,3.80,26.3,3981.90,3983.80,3980.00,3982.90,98,53,151,45.00,55.00,-10.00,1.20,16.7,0,0,0.2222,0.1522,125.00,105.00,3987.55,-0.7905,DOWN,103.75,1.4554,1.1929
20260716 220029 799,3983.00,1,3982.60,3983.00,0.40,3982.60,3,3982.40,3,3982.30,2,3982.20,4,3982.10,2,3982.00,1,3981.90,3,3981.70,3,3981.50,2,3981.40,4,3983.00,1,3983.10,2,3983.20,2,3983.30,3,3983.40,4,3983.50,4,3983.60,2,3983.70,2,3983.80,2,3983.90,1,Buy,116,69,185,47.00,53.00,1.00,3.80,28.9,3981.90,3983.80,3980.00,3983.00,98,53,151,45.00,55.00,-10.00,1.20,16.7,0,0,0.2222,0.1277,126.00,106.00,3987.56,-0.7874,DOWN,103.75,1.4554,1.1929
20260716 220029 799,3983.00,1,3982.60,3983.00,0.40,3982.60,3,3982.40,3,3982.30,2,3982.20,4,3982.10,2,3982.00,1,3981.90,3,3981.70,3,3981.50,2,3981.40,4,3983.00,1,3983.10,2,3983.20,2,3983.30,3,3983.40,4,3983.50,4,3983.60,2,3983.70,2,3983.80,2,3983.90,1,Buy,117,69,186,48.00,53.00,1.00,3.80,28.9,3981.90,3983.80,3980.00,3983.00,98,53,151,45.00,55.00,-10.00,1.20,16.7,0,0,0.2222,0.1042,127.00,107.00,3987.56,-0.7874,DOWN,103.75,1.4554,1.1929
20260716 220029 799,3983.10,1,3982.60,3983.00,0.40,3982.60,3,3982.40,3,3982.30,2,3982.20,4,3982.10,2,3982.00,1,3981.90,3,3981.70,3,3981.50,2,3981.40,4,3983.00,1,3983.10,2,3983.20,2,3983.30,3,3983.40,4,3983.50,4,3983.60,2,3983.70,2,3983.80,2,3983.90,1,Buy,118,69,187,49.00,53.00,1.00,3.80,31.6,3981.90,3983.80,3980.00,3983.10,98,53,151,45.00,55.00,-10.00,1.20,16.7,0,0,0.2222,0.0816,128.00,108.00,3987.57,-0.7842,DOWN,103.75,1.4554,1.1929
20260716 220029 799,3983.10,1,3982.60,3983.00,0.40,3982.60,3,3982.40,3,3982.30,2,3982.20,4,3982.10,2,3982.00,1,3981.90,3,3981.70,3,3981.50,2,3981.40,4,3983.00,1,3983.10,2,3983.20,2,3983.30,3,3983.40,4,3983.50,4,3983.60,2,3983.70,2,3983.80,2,3983.90,1,Buy,119,69,188,50.00,53.00,1.00,3.80,31.6,3981.90,3983.80,3980.00,3983.10,98,53,151,45.00,55.00,-10.00,1.20,16.7,0,0,0.2222,0.0600,129.00,109.00,3987.57,-0.7842,DOWN,103.75,1.4554,1.1929
20260716 220029 799,3983.10,1,3982.60,3983.00,0.40,3982.60,3,3982.40,3,3982.30,2,3982.20,4,3982.10,2,3982.00,1,3981.90,3,3981.70,3,3981.50,2,3981.40,4,3983.00,1,3983.10,2,3983.20,2,3983.30,3,3983.40,4,3983.50,4,3983.60,2,3983.70,2,3983.80,2,3983.90,1,Buy,120,69,189,51.00,53.00,1.00,3.80,31.6,3981.90,3983.80,3980.00,3983.10,98,53,151,45.00,55.00,-10.00,1.20,16.7,0,0,0.2222,0.0392,130.00,110.00,3987.57,-0.7842,DOWN,103.75,1.4554,1.1929
20260716 220029 799,3983.10,1,3982.60,3983.00,0.40,3982.60,3,3982.40,3,3982.30,2,3982.20,4,3982.10,2,3982.00,1,3981.90,3,3981.70,3,3981.50,2,3981.40,4,3983.00,1,3983.10,2,3983.20,2,3983.30,3,3983.40,4,3983.50,4,3983.60,2,3983.70,2,3983.80,2,3983.90,1,Buy,121,69,190,52.00,53.00,1.00,3.80,31.6,3981.90,3983.80,3980.00,3983.10,98,53,151,45.00,55.00,-10.00,1.20,16.7,0,0,0.2222,0.0192,131.00,111.00,3987.57,-0.7842,DOWN,103.75,1.4554,1.1929
20260716 220030 129,3983.00,1,3982.60,3983.00,0.40,3982.60,3,3982.40,3,3982.30,2,3982.20,5,3982.10,2,3981.90,3,3981.70,3,3981.50,2,3981.40,4,3981.30,2,3983.10,2,3983.20,2,3983.30,2,3983.40,4,3983.50,5,3983.60,2,3983.70,2,3983.80,2,3983.90,1,3984.00,2,Buy,122,69,191,53.00,53.00,1.00,3.80,28.9,3981.90,3983.80,3980.00,3983.00,98,53,151,45.00,55.00,-10.00,1.20,16.7,0,0,0.2222,0.0000,132.00,112.00,3987.56,-0.7874,DOWN,103.75,1.4554,1.1929
20260716 220030 557,3983.10,1,3982.60,3983.00,0.40,3982.20,3,3982.10,1,3982.00,2,3981.90,3,3981.80,2,3981.70,3,3981.40,3,3981.10,4,3981.00,2,3980.90,1,3982.70,1,3982.80,2,3982.90,2,3983.00,3,3983.20,3,3983.30,2,3983.40,4,3983.50,4,3983.60,2,3983.70,3,Buy,123,69,192,54.00,54.00,1.00,3.80,31.6,3981.90,3983.80,3980.00,3983.10,98,53,151,45.00,55.00,-10.00,1.20,16.7,0,0,0.2222,0.0000,133.00,113.00,3987.57,-0.7842,DOWN,103.75,1.4554,1.1929
20260716 220030 587,3982.60,2,3982.60,3983.00,0.40,3982.20,3,3982.10,1,3982.00,2,3981.90,3,3981.80,2,3981.70,3,3981.40,3,3981.10,4,3981.00,2,3980.90,1,3982.70,1,3982.80,2,3982.90,2,3983.00,3,3983.20,3,3983.30,2,3983.40,4,3983.50,4,3983.60,2,3983.70,3,Sell,123,71,194,52.00,54.00,1.00,3.80,18.4,3981.90,3983.80,3980.00,3982.60,98,53,151,45.00,55.00,-10.00,1.20,16.7,0,0,0.2222,0.0385,131.00,111.00,3987.52,-0.8001,DOWN,103.75,1.4554,1.1929
20260716 220030 587,3982.60,1,3982.60,3983.00,0.40,3982.20,3,3982.10,1,3982.00,2,3981.90,3,3981.80,2,3981.70,3,3981.40,3,3981.10,4,3981.00,2,3980.90,1,3982.70,1,3982.80,2,3982.90,2,3983.00,3,3983.20,3,3983.30,2,3983.40,4,3983.50,4,3983.60,2,3983.70,3,Sell,123,72,195,51.00,54.00,1.00,3.80,18.4,3981.90,3983.80,3980.00,3982.60,98,53,151,45.00,55.00,-10.00,1.20,16.7,0,0,0.2222,0.0588,130.00,110.00,3987.52,-0.8001,DOWN,103.75,1.4554,1.1929
20260716 220030 867,3982.80,1,3982.30,3982.80,0.50,3982.30,2,3982.20,3,3982.10,1,3982.00,2,3981.90,3,3981.80,2,3981.70,3,3981.40,3,3981.10,4,3981.00,2,3982.80,2,3982.90,2,3983.00,3,3983.20,2,3983.30,2,3983.40,5,3983.50,4,3983.60,2,3983.70,3,3983.80,3,Buy,124,72,196,52.00,54.00,1.00,3.80,23.7,3981.90,3983.80,3980.00,3982.80,98,53,151,45.00,55.00,-10.00,1.20,16.7,0,0,0.2222,0.0385,131.00,111.00,3987.54,-0.7937,DOWN,103.75,1.4554,1.1929
20260716 220030 867,3982.80,1,3982.30,3982.80,0.50,3982.30,2,3982.20,3,3982.10,1,3982.00,2,3981.90,3,3981.80,2,3981.70,3,3981.40,3,3981.10,4,3981.00,2,3982.80,2,3982.90,2,3983.00,3,3983.20,2,3983.30,2,3983.40,5,3983.50,4,3983.60,2,3983.70,3,3983.80,3,Buy,125,72,197,53.00,54.00,1.00,3.80,23.7,3981.90,3983.80,3980.00,3982.80,98,53,151,45.00,55.00,-10.00,1.20,16.7,0,0,0.2222,0.0189,132.00,112.00,3987.54,-0.7937,DOWN,103.75,1.4554,1.1929
20260716 220030 867,3982.90,1,3982.30,3982.80,0.50,3982.30,2,3982.20,3,3982.10,1,3982.00,2,3981.90,3,3981.80,2,3981.70,3,3981.40,3,3981.10,4,3981.00,2,3982.80,2,3982.90,2,3983.00,3,3983.20,2,3983.30,2,3983.40,5,3983.50,4,3983.60,2,3983.70,3,3983.80,3,Buy,126,72,198,54.00,54.00,1.00,3.80,26.3,3981.90,3983.80,3980.00,3982.90,98,53,151,45.00,55.00,-10.00,1.20,16.7,0,0,0.2222,0.0000,133.00,113.00,3987.55,-0.7905,DOWN,103.75,1.4554,1.1929
20260716 220032 093,3982.40,1,3982.40,3982.90,0.50,3982.40,3,3982.30,2,3982.20,3,3982.10,2,3982.00,2,3981.90,3,3981.80,1,3981.70,3,3981.40,4,3981.30,1,3982.90,2,3983.00,3,3983.20,2,3983.30,2,3983.40,5,3983.50,4,3983.60,2,3983.70,3,3983.80,3,3983.90,1,Sell,126,73,199,53.00,54.00,1.00,3.80,13.2,3981.90,3983.80,3980.00,3982.40,98,53,151,45.00,55.00,-10.00,1.20,16.7,0,0,0.2222,0.0189,132.00,112.00,3987.50,-0.8064,DOWN,103.75,1.4554,1.1929
20260716 220032 748,3982.90,1,3982.50,3982.90,0.40,3982.50,2,3982.40,2,3982.20,3,3982.10,2,3982.00,2,3981.90,3,3981.70,3,3981.40,4,3981.30,1,3981.20,1,3983.00,2,3983.20,2,3983.30,2,3983.40,4,3983.50,4,3983.60,2,3983.70,4,3983.80,3,3983.90,1,3984.00,2,Buy,127,73,200,54.00,54.00,1.00,3.80,26.3,3981.90,3983.80,3980.00,3982.90,98,53,151,45.00,55.00,-10.00,1.20,16.7,0,0,0.2222,0.0000,133.00,113.00,3987.55,-0.7905,DOWN,103.75,1.4554,1.1929
20260716 220032 748,3982.90,1,3982.50,3982.90,0.40,3982.50,2,3982.40,2,3982.20,3,3982.10,2,3982.00,2,3981.90,3,3981.70,3,3981.40,4,3981.30,1,3981.20,1,3983.00,2,3983.20,2,3983.30,2,3983.40,4,3983.50,4,3983.60,2,3983.70,4,3983.80,3,3983.90,1,3984.00,2,Buy,128,73,201,55.00,55.00,1.00,3.80,26.3,3981.90,3983.80,3980.00,3982.90,98,53,151,45.00,55.00,-10.00,1.20,16.7,0,0,0.2222,0.0000,134.00,114.00,3987.55,-0.7905,DOWN,103.75,1.4554,1.1929
20260716 220033 388,3983.00,1,3982.60,3983.10,0.50,3982.60,3,3982.50,3,3982.40,2,3982.20,5,3982.10,2,3982.00,2,3981.90,3,3981.70,3,3981.40,4,3981.30,1,3983.10,2,3983.20,2,3983.30,2,3983.40,4,3983.50,4,3983.60,2,3983.70,3,3983.80,3,3983.90,1,3984.00,2,Buy,129,73,202,56.00,56.00,1.00,3.80,28.9,3981.90,3983.80,3980.00,3983.00,98,53,151,45.00,55.00,-10.00,1.20,16.7,0,0,0.2222,0.0000,135.00,115.00,3987.56,-0.7874,DOWN,103.75,1.4554,1.1929
20260716 220035 421,3982.30,1,3982.00,3982.50,0.50,3982.00,2,3981.90,3,3981.70,3,3981.40,3,3981.20,2,3981.10,4,3981.00,2,3980.90,1,3980.80,6,3980.70,1,3982.50,1,3982.60,4,3982.70,2,3982.80,2,3982.90,2,3983.00,4,3983.10,3,3983.20,2,3983.30,2,3983.40,4,Sell,129,74,203,55.00,56.00,1.00,3.80,10.5,3981.90,3983.80,3980.00,3982.30,98,53,151,45.00,55.00,-10.00,1.20,16.7,0,0,0.2222,0.0182,134.00,114.00,3987.49,-0.8096,DOWN,103.75,1.4554,1.1929
20260716 220035 530,3982.50,1,3982.00,3982.50,0.50,3982.00,1,3981.90,3,3981.70,3,3981.40,3,3981.20,2,3981.10,4,3981.00,2,3980.90,1,3980.80,5,3980.70,2,3982.50,2,3982.60,5,3982.70,3,3982.80,2,3983.00,4,3983.10,3,3983.20,2,3983.30,2,3983.40,4,3983.50,5,Buy,130,74,204,56.00,56.00,1.00,3.80,15.8,3981.90,3983.80,3980.00,3982.50,98,53,151,45.00,55.00,-10.00,1.20,16.7,0,0,0.2222,0.0000,135.00,115.00,3987.51,-0.8032,DOWN,103.75,1.4554,1.1929
20260716 220035 541,3982.10,1,3982.00,3982.50,0.50,3982.00,1,3981.90,3,3981.70,3,3981.40,3,3981.20,2,3981.10,4,3981.00,2,3980.90,1,3980.80,5,3980.70,2,3982.50,2,3982.60,5,3982.70,3,3982.80,2,3983.00,4,3983.10,3,3983.20,2,3983.30,2,3983.40,4,3983.50,5,Sell,130,75,205,55.00,56.00,1.00,3.80,5.3,3981.90,3983.80,3980.00,3982.10,98,53,151,45.00,55.00,-10.00,1.20,16.7,0,0,0.2222,0.0182,134.00,114.00,3987.47,-0.8159,DOWN,103.75,1.4554,1.1929
20260716 220036 008,3982.10,1,3980.90,3981.30,0.40,3980.90,2,3980.80,2,3980.60,2,3980.40,2,3980.30,4,3979.90,2,3979.80,1,3979.70,6,3979.60,1,3979.50,1,3981.30,1,3981.40,1,3981.50,2,3981.60,1,3981.70,4,3981.80,1,3982.40,3,3982.50,2,3982.60,4,3982.70,3,Sell,130,76,206,54.00,56.00,1.00,3.80,5.3,3981.90,3983.80,3980.00,3982.10,98,53,151,45.00,55.00,-10.00,1.20,16.7,0,0,0.2222,0.0370,133.00,113.00,3987.47,-0.8159,DOWN,103.75,1.4554,1.1929
20260716 220036 009,3982.00,1,3980.90,3981.30,0.40,3980.90,2,3980.80,2,3980.60,2,3980.40,2,3980.30,4,3979.90,2,3979.80,1,3979.70,6,3979.60,1,3979.50,1,3981.30,1,3981.40,1,3981.50,2,3981.60,1,3981.70,4,3981.80,1,3982.40,3,3982.50,2,3982.60,4,3982.70,3,Sell,130,77,207,53.00,56.00,1.00,3.80,2.6,3981.90,3983.80,3980.00,3982.00,98,53,151,45.00,55.00,-10.00,1.20,16.7,0,0,0.2222,0.0566,132.00,112.00,3987.46,-0.8191,DOWN,103.75,1.4554,1.1929
20260716 220036 009,3981.90,1,3980.90,3981.30,0.40,3980.90,2,3980.80,2,3980.60,2,3980.40,2,3980.30,4,3979.90,2,3979.80,1,3979.70,6,3979.60,1,3979.50,1,3981.30,1,3981.40,1,3981.50,2,3981.60,1,3981.70,4,3981.80,1,3982.40,3,3982.50,2,3982.60,4,3982.70,3,Sell,130,78,208,52.00,56.00,1.00,3.80,0.0,3981.90,3983.80,3980.00,3981.90,98,53,151,45.00,55.00,-10.00,1.20,16.7,0,0,0.2222,0.0769,131.00,111.00,3987.45,-0.8223,DOWN,103.75,1.4554,1.1929
20260716 220036 009,3981.90,1,3980.90,3981.30,0.40,3980.90,2,3980.80,2,3980.60,2,3980.40,2,3980.30,4,3979.90,2,3979.80,1,3979.70,6,3979.60,1,3979.50,1,3981.30,1,3981.40,1,3981.50,2,3981.60,1,3981.70,4,3981.80,1,3982.40,3,3982.50,2,3982.60,4,3982.70,3,Sell,130,79,209,51.00,56.00,1.00,3.80,0.0,3981.90,3983.80,3980.00,3981.90,98,53,151,45.00,55.00,-10.00,1.20,16.7,0,0,0.2222,0.0980,130.00,110.00,3987.45,-0.8223,DOWN,103.75,1.4554,1.1929
20260716 220036 023,3981.10,5,3980.90,3981.30,0.40,3980.90,2,3980.80,2,3980.60,2,3980.40,2,3980.30,4,3979.90,2,3979.80,1,3979.70,6,3979.60,1,3979.50,1,3981.30,1,3981.40,1,3981.50,2,3981.60,1,3981.70,4,3981.80,1,3982.40,3,3982.50,2,3982.60,4,3982.70,3,Buy,135,79,214,56.00,56.00,1.00,3.80,21.1,3981.90,3983.80,3980.00,3981.10,98,53,151,45.00,55.00,-10.00,1.20,16.7,0,0,0.2222,0.0000,135.00,115.00,3987.37,-0.8477,DOWN,103.75,1.4554,1.1929
20260716 220036 023,3981.10,1,3980.90,3981.30,0.40,3980.90,2,3980.80,2,3980.60,2,3980.40,2,3980.30,4,3979.90,2,3979.80,1,3979.70,6,3979.60,1,3979.50,1,3981.30,1,3981.40,1,3981.50,2,3981.60,1,3981.70,4,3981.80,1,3982.40,3,3982.50,2,3982.60,4,3982.70,3,Buy,136,79,215,57.00,57.00,1.00,3.80,21.1,3981.90,3983.80,3980.00,3981.10,98,53,151,45.00,55.00,-10.00,1.20,16.7,0,0,0.2222,0.0000,136.00,116.00,3987.37,-0.8477,DOWN,103.75,1.4554,1.1929
20260716 220037 007,3981.00,1,3980.80,3981.30,0.50,3980.80,2,3980.70,3,3980.60,2,3980.50,2,3980.40,2,3980.30,4,3979.90,3,3979.80,3,3979.70,2,3979.60,5,3981.30,1,3981.40,1,3981.60,1,3981.70,4,3981.80,2,3982.30,2,3982.40,3,3982.50,3,3982.60,4,3982.70,3,Sell,136,80,216,56.00,57.00,1.00,3.80,23.7,3981.90,3983.80,3980.00,3981.00,98,53,151,45.00,55.00,-10.00,1.20,16.7,0,0,0.2222,0.0179,135.00,115.00,3987.37,-0.8509,DOWN,103.75,1.4554,1.1929
20260716 220037 007,3981.00,1,3980.80,3981.30,0.50,3980.80,2,3980.70,3,3980.60,2,3980.50,2,3980.40,2,3980.30,4,3979.90,3,3979.80,3,3979.70,2,3979.60,5,3981.30,1,3981.40,1,3981.60,1,3981.70,4,3981.80,2,3982.30,2,3982.40,3,3982.50,3,3982.60,4,3982.70,3,Sell,136,81,217,55.00,57.00,1.00,3.80,23.7,3981.90,3983.80,3980.00,3981.00,98,53,151,45.00,55.00,-10.00,1.20,16.7,0,0,0.2222,0.0364,134.00,114.00,3987.37,-0.8509,DOWN,103.75,1.4554,1.1929
20260716 220037 018,3980.80,1,3980.80,3981.30,0.50,3980.80,2,3980.70,3,3980.60,2,3980.50,2,3980.40,2,3980.30,4,3979.90,3,3979.80,3,3979.70,2,3979.60,5,3981.30,1,3981.40,1,3981.60,1,3981.70,4,3981.80,2,3982.30,2,3982.40,3,3982.50,3,3982.60,4,3982.70,3,Buy,137,81,218,56.00,57.00,1.00,3.80,28.9,3981.90,3983.80,3980.00,3980.80,98,53,151,45.00,55.00,-10.00,1.20,16.7,0,0,0.2222,0.0179,135.00,115.00,3987.35,-0.8572,DOWN,103.75,1.4554,1.1929
20260716 220037 022,3981.10,1,3980.80,3981.30,0.50,3980.80,2,3980.70,3,3980.60,2,3980.50,2,3980.40,2,3980.30,4,3979.90,3,3979.80,3,3979.70,2,3979.60,5,3981.30,1,3981.40,1,3981.60,1,3981.70,4,3981.80,2,3982.30,2,3982.40,3,3982.50,3,3982.60,4,3982.70,3,Sell,137,82,219,55.00,57.00,1.00,3.80,21.1,3981.90,3983.80,3980.00,3981.10,98,53,151,45.00,55.00,-10.00,1.20,16.7,0,0,0.2222,0.0364,134.00,114.00,3987.37,-0.8477,DOWN,103.75,1.4554,1.1929
20260716 220037 158,3980.80,1,3980.30,3980.80,0.50,3980.30,1,3980.20,2,3980.10,2,3980.00,2,3979.90,2,3979.80,2,3979.70,2,3979.40,3,3979.30,6,3979.20,5,3980.80,2,3980.90,2,3981.00,2,3981.10,5,3981.30,2,3981.40,2,3981.70,3,3981.80,2,3982.10,1,3982.20,3,Sell,137,83,220,54.00,57.00,1.00,3.80,28.9,3981.90,3983.80,3980.00,3980.80,98,53,151,45.00,55.00,-10.00,1.20,16.7,0,0,0.2222,0.0556,133.00,113.00,3987.35,-0.8572,DOWN,103.75,1.4554,1.1929
20260716 220037 158,3980.80,1,3980.30,3980.80,0.50,3980.30,1,3980.20,2,3980.10,2,3980.00,2,3979.90,2,3979.80,2,3979.70,2,3979.40,3,3979.30,6,3979.20,5,3980.80,2,3980.90,2,3981.00,2,3981.10,5,3981.30,2,3981.40,2,3981.70,3,3981.80,2,3982.10,1,3982.20,3,Sell,137,84,221,53.00,57.00,1.00,3.80,28.9,3981.90,3983.80,3980.00,3980.80,98,53,151,45.00,55.00,-10.00,1.20,16.7,0,0,0.2222,0.0755,132.00,112.00,3987.35,-0.8572,DOWN,103.75,1.4554,1.1929
20260716 220037 160,3980.70,1,3980.30,3980.80,0.50,3980.30,1,3980.20,2,3980.10,2,3980.00,2,3979.90,2,3979.80,2,3979.70,2,3979.40,3,3979.30,6,3979.20,5,3980.80,2,3980.90,2,3981.00,2,3981.10,5,3981.30,2,3981.40,2,3981.70,3,3981.80,2,3982.10,1,3982.20,3,Sell,137,85,222,52.00,57.00,1.00,3.80,31.6,3981.90,3983.80,3980.00,3980.70,98,53,151,45.00,55.00,-10.00,1.20,16.7,0,0,0.2222,0.0962,131.00,111.00,3987.34,-0.8604,DOWN,103.75,1.4554,1.1929
20260716 220037 166,3980.50,1,3980.30,3980.80,0.50,3980.30,1,3980.20,2,3980.10,2,3980.00,2,3979.90,2,3979.80,2,3979.70,2,3979.40,3,3979.30,6,3979.20,5,3980.80,2,3980.90,2,3981.00,2,3981.10,5,3981.30,2,3981.40,2,3981.70,3,3981.80,2,3982.10,1,3982.20,3,Sell,137,86,223,51.00,57.00,1.00,3.80,36.8,3981.90,3983.80,3980.00,3980.50,98,53,151,45.00,55.00,-10.00,1.20,16.7,0,0,0.2222,0.1176,130.00,110.00,3987.32,-0.8667,DOWN,103.75,1.4554,1.1929
20260716 220037 547,3980.70,1,3980.10,3980.50,0.40,3980.10,2,3980.00,1,3979.90,2,3979.80,2,3979.70,2,3979.40,2,3979.30,1,3979.20,5,3979.10,5,3979.00,5,3980.50,1,3980.60,3,3980.70,3,3980.90,2,3981.00,2,3981.10,4,3981.40,2,3981.70,4,3981.80,3,3981.90,1,Buy,138,86,224,52.00,57.00,1.00,3.80,31.6,3981.90,3983.80,3980.00,3980.70,98,53,151,45.00,55.00,-10.00,1.20,16.7,0,0,0.2222,0.0962,131.00,111.00,3987.34,-0.8604,DOWN,103.75,1.4554,1.1929
20260716 220037 552,3980.20,1,3980.10,3980.50,0.40,3980.10,2,3980.00,1,3979.90,2,3979.80,2,3979.70,2,3979.40,2,3979.30,1,3979.20,5,3979.10,5,3979.00,5,3980.50,1,3980.60,3,3980.70,3,3980.90,2,3981.00,2,3981.10,4,3981.40,2,3981.70,4,3981.80,3,3981.90,1,Sell,138,87,225,51.00,57.00,1.00,3.80,44.7,3981.90,3983.80,3980.00,3980.20,98,53,151,45.00,55.00,-10.00,1.20,16.7,0,0,0.2222,0.1176,130.00,110.00,3987.29,-0.8762,DOWN,103.75,1.4554,1.1929
20260716 220037 768,3980.10,1,3980.00,3980.40,0.40,3980.10,1,3980.00,2,3979.90,3,3979.80,2,3979.70,2,3979.40,2,3979.30,1,3979.20,1,3979.10,6,3979.00,5,3980.60,3,3980.90,2,3981.00,3,3981.10,4,3981.40,2,3981.50,2,3981.60,1,3981.70,4,3981.80,3,3981.90,1,Sell,138,88,226,50.00,57.00,1.00,3.80,47.4,3981.90,3983.80,3980.00,3980.10,98,53,151,45.00,55.00,-10.00,1.20,16.7,0,0,0.2222,0.1400,129.00,109.00,3987.28,-0.8794,DOWN,103.75,1.4554,1.1929
20260716 220037 768,3980.10,1,3980.00,3980.40,0.40,3980.10,1,3980.00,2,3979.90,3,3979.80,2,3979.70,2,3979.40,2,3979.30,1,3979.20,1,3979.10,6,3979.00,5,3980.60,3,3980.90,2,3981.00,3,3981.10,4,3981.40,2,3981.50,2,3981.60,1,3981.70,4,3981.80,3,3981.90,1,Sell,138,89,227,49.00,57.00,1.00,3.80,47.4,3981.90,3983.80,3980.00,3980.10,98,53,151,45.00,55.00,-10.00,1.20,16.7,0,0,0.2222,0.1633,128.00,108.00,3987.28,-0.8794,DOWN,103.75,1.4554,1.1929
20260716 220037 768,3980.00,1,3980.00,3980.40,0.40,3980.10,1,3980.00,2,3979.90,3,3979.80,2,3979.70,2,3979.40,2,3979.30,1,3979.20,1,3979.10,6,3979.00,5,3980.60,3,3980.90,2,3981.00,3,3981.10,4,3981.40,2,3981.50,2,3981.60,1,3981.70,4,3981.80,3,3981.90,1,Sell,138,90,228,48.00,57.00,1.00,3.80,50.0,3981.90,3983.80,3980.00,3980.00,98,53,151,45.00,55.00,-10.00,1.20,16.7,0,0,0.2222,0.1875,127.00,107.00,3987.27,-0.8826,DOWN,103.75,1.4554,1.1929
20260716 220037 807,3980.40,1,3980.00,3980.40,0.40,3980.10,1,3980.00,2,3979.90,3,3979.80,2,3979.70,2,3979.40,2,3979.30,1,3979.20,1,3979.10,6,3979.00,5,3980.60,3,3980.90,2,3981.00,3,3981.10,4,3981.40,2,3981.50,2,3981.60,1,3981.70,4,3981.80,3,3981.90,1,Buy,139,90,229,49.00,57.00,1.00,3.80,39.5,3981.90,3983.80,3980.00,3980.40,98,53,151,45.00,55.00,-10.00,1.20,16.7,0,0,0.2222,0.1633,128.00,108.00,3987.31,-0.8699,DOWN,103.75,1.4554,1.1929
20260716 220037 824,3980.60,1,3980.10,3980.60,0.50,3980.10,1,3980.00,3,3979.90,2,3979.80,2,3979.70,2,3979.40,2,3979.30,1,3979.10,7,3979.00,5,3978.90,10,3980.60,2,3980.80,1,3980.90,2,3981.00,3,3981.10,4,3981.40,2,3981.50,2,3981.60,1,3981.70,4,3981.80,3,Buy,140,90,230,50.00,57.00,1.00,3.80,34.2,3981.90,3983.80,3980.00,3980.60,98,53,151,45.00,55.00,-10.00,1.20,16.7,0,0,0.2222,0.1400,129.00,109.00,3987.33,-0.8636,DOWN,103.75,1.4554,1.1929
20260716 220038 077,3980.50,1,3979.90,3980.30,0.40,3979.90,2,3979.80,2,3979.70,2,3979.40,2,3979.30,1,3979.10,6,3979.00,5,3978.90,10,3978.80,5,3978.70,8,3980.30,2,3980.40,2,3980.50,1,3980.60,1,3980.70,1,3980.80,1,3981.00,2,3981.10,4,3981.40,2,3981.50,2,Buy,141,90,231,51.00,57.00,1.00,3.80,36.8,3981.90,3983.80,3980.00,3980.50,98,53,151,45.00,55.00,-10.00,1.20,16.7,0,0,0.2222,0.1176,130.00,110.00,3987.32,-0.8667,DOWN,103.75,1.4554,1.1929
20260716 220038 089,3980.20,1,3979.90,3980.30,0.40,3979.90,2,3979.80,2,3979.70,2,3979.40,2,3979.30,1,3979.10,6,3979.00,5,3978.90,10,3978.80,5,3978.70,8,3980.30,2,3980.40,2,3980.50,1,3980.60,1,3980.70,1,3980.80,1,3981.00,2,3981.10,4,3981.40,2,3981.50,2,Sell,141,91,232,50.00,57.00,1.00,3.80,44.7,3981.90,3983.80,3980.00,3980.20,98,53,151,45.00,55.00,-10.00,1.20,16.7,0,0,0.2222,0.1400,129.00,109.00,3987.29,-0.8762,DOWN,103.75,1.4554,1.1929
20260716 220040 807,3980.40,1,3980.20,3980.50,0.30,3980.10,1,3980.00,2,3979.90,2,3979.80,2,3979.70,2,3979.40,2,3979.30,1,3979.10,6,3979.00,5,3978.90,10,3980.50,2,3980.70,2,3980.90,1,3981.00,2,3981.10,4,3981.40,2,3981.50,2,3981.60,1,3981.70,4,3981.80,3,Buy,142,91,233,51.00,57.00,1.00,3.80,39.5,3981.90,3983.80,3980.00,3980.40,98,53,151,45.00,55.00,-10.00,1.20,16.7,0,0,0.2222,0.1176,130.00,110.00,3987.31,-0.8699,DOWN,103.75,1.4554,1.1929
20260716 220040 808,3980.50,1,3980.20,3980.50,0.30,3980.10,1,3980.00,2,3979.90,2,3979.80,2,3979.70,2,3979.40,2,3979.30,1,3979.10,6,3979.00,5,3978.90,10,3980.50,2,3980.70,2,3980.90,1,3981.00,2,3981.10,4,3981.40,2,3981.50,2,3981.60,1,3981.70,4,3981.80,3,Buy,143,91,234,52.00,57.00,1.00,3.80,36.8,3981.90,3983.80,3980.00,3980.50,98,53,151,45.00,55.00,-10.00,1.20,16.7,0,0,0.2222,0.0962,131.00,111.00,3987.32,-0.8667,DOWN,103.75,1.4554,1.1929
20260716 220042 217,3980.30,1,3979.90,3980.40,0.50,3979.90,2,3979.80,2,3979.70,2,3979.40,2,3979.30,1,3979.10,6,3979.00,6,3978.90,10,3978.80,5,3978.70,8,3980.40,2,3980.50,1,3980.60,2,3980.70,3,3980.80,1,3980.90,2,3981.10,4,3981.40,2,3981.50,2,3981.60,2,Buy,144,91,235,53.00,57.00,1.00,3.80,42.1,3981.90,3983.80,3980.00,3980.30,98,53,151,45.00,55.00,-10.00,1.20,16.7,0,0,0.2222,0.0755,132.00,112.00,3987.30,-0.8731,DOWN,103.75,1.4554,1.1929
20260716 220042 806,3980.30,1,3980.00,3980.40,0.40,3980.00,2,3979.90,2,3979.80,2,3979.70,2,3979.40,2,3979.30,1,3979.10,7,3979.00,5,3978.90,10,3978.80,5,3980.40,2,3980.50,1,3980.60,2,3980.70,2,3980.80,2,3980.90,2,3981.10,4,3981.40,2,3981.50,2,3981.60,2,Buy,145,91,236,54.00,57.00,1.00,3.80,42.1,3981.90,3983.80,3980.00,3980.30,98,53,151,45.00,55.00,-10.00,1.20,16.7,0,0,0.2222,0.0556,133.00,113.00,3987.30,-0.8731,DOWN,103.75,1.4554,1.1929
20260716 220043 182,3980.20,1,3979.90,3980.20,0.30,3979.90,2,3979.80,1,3979.70,2,3979.40,2,3979.30,1,3979.10,6,3979.00,6,3978.90,10,3978.80,5,3978.70,9,3980.20,1,3980.30,2,3980.40,2,3980.50,1,3980.70,2,3980.80,1,3980.90,2,3981.10,4,3981.40,2,3981.50,2,Sell,145,92,237,53.00,57.00,1.00,3.80,44.7,3981.90,3983.80,3980.00,3980.20,98,53,151,45.00,55.00,-10.00,1.20,16.7,0,0,0.2222,0.0755,132.00,112.00,3987.29,-0.8762,DOWN,103.75,1.4554,1.1929
20260716 220044 497,3980.20,1,3980.20,3980.70,0.50,3980.20,4,3980.10,3,3980.00,2,3979.90,3,3979.80,2,3979.70,2,3979.40,2,3979.30,2,3979.10,6,3979.00,6,3980.70,1,3980.80,3,3981.00,2,3981.10,4,3981.40,2,3981.60,1,3981.70,3,3981.90,1,3982.00,1,3982.10,2,Buy,146,92,238,54.00,57.00,1.00,3.80,44.7,3981.90,3983.80,3980.00,3980.20,98,53,151,45.00,55.00,-10.00,1.20,16.7,0,0,0.2222,0.0556,133.00,113.00,3987.29,-0.8762,DOWN,103.75,1.4554,1.1929
20260716 220044 497,3980.30,1,3980.20,3980.70,0.50,3980.20,4,3980.10,3,3980.00,2,3979.90,3,3979.80,2,3979.70,2,3979.40,2,3979.30,2,3979.10,6,3979.00,6,3980.70,1,3980.80,3,3981.00,2,3981.10,4,3981.40,2,3981.60,1,3981.70,3,3981.90,1,3982.00,1,3982.10,2,Buy,147,92,239,55.00,57.00,1.00,3.80,42.1,3981.90,3983.80,3980.00,3980.30,98,53,151,45.00,55.00,-10.00,1.20,16.7,0,0,0.2222,0.0364,134.00,114.00,3987.30,-0.8731,DOWN,103.75,1.4554,1.1929
20260716 220044 497,3980.40,1,3980.20,3980.70,0.50,3980.20,4,3980.10,3,3980.00,2,3979.90,3,3979.80,2,3979.70,2,3979.40,2,3979.30,2,3979.10,6,3979.00,6,3980.70,1,3980.80,3,3981.00,2,3981.10,4,3981.40,2,3981.60,1,3981.70,3,3981.90,1,3982.00,1,3982.10,2,Buy,148,92,240,56.00,57.00,1.00,3.80,39.5,3981.90,3983.80,3980.00,3980.40,98,53,151,45.00,55.00,-10.00,1.20,16.7,0,0,0.2222,0.0179,135.00,115.00,3987.31,-0.8699,DOWN,103.75,1.4554,1.1929
20260716 220045 680,3980.40,1,3980.30,3980.40,0.10,3980.30,2,3980.20,1,3980.10,2,3980.00,3,3979.90,2,3979.80,2,3979.70,2,3979.40,2,3979.30,2,3979.20,5,3980.80,2,3981.00,2,3981.10,4,3981.40,2,3981.70,3,3981.80,1,3981.90,1,3982.00,1,3982.10,2,3982.20,12,Buy,149,92,241,57.00,57.00,1.00,3.80,39.5,3981.90,3983.80,3980.00,3980.40,98,53,151,45.00,55.00,-10.00,1.20,16.7,0,0,0.2222,0.0000,136.00,116.00,3987.31,-0.8699,DOWN,103.75,1.4554,1.1929
20260716 220047 067,3980.80,1,3980.30,3980.80,0.50,3980.30,2,3980.20,1,3980.10,2,3980.00,3,3979.90,2,3979.80,2,3979.70,2,3979.40,2,3979.30,2,3979.20,5,3980.80,2,3980.90,2,3981.00,2,3981.10,4,3981.40,2,3981.70,3,3981.90,1,3982.00,2,3982.10,2,3982.20,12,Buy,150,92,242,58.00,58.00,1.00,3.80,28.9,3981.90,3983.80,3980.00,3980.80,98,53,151,45.00,55.00,-10.00,1.20,16.7,0,0,0.2222,0.0000,137.00,117.00,3987.35,-0.8572,DOWN,103.75,1.4554,1.1929
20260716 220047 807,3980.50,1,3980.20,3980.70,0.50,3980.20,1,3980.10,2,3980.00,1,3979.90,2,3979.80,3,3979.70,2,3979.40,2,3979.30,1,3979.10,6,3979.00,6,3980.70,3,3981.00,2,3981.10,4,3981.40,2,3981.70,4,3981.80,1,3981.90,1,3982.00,1,3982.10,2,3982.20,12,Buy,151,92,243,59.00,59.00,1.00,3.80,36.8,3981.90,3983.80,3980.00,3980.50,98,53,151,45.00,55.00,-10.00,1.20,16.7,0,0,0.2222,0.0000,138.00,118.00,3987.32,-0.8667,DOWN,103.75,1.4554,1.1929
20260716 220051 506,3980.80,1,3980.60,3981.10,0.50,3980.40,2,3980.30,2,3980.20,2,3980.10,3,3980.00,1,3979.90,3,3979.80,2,3979.70,3,3979.40,2,3979.30,1,3981.10,4,3981.30,1,3981.40,2,3981.70,4,3981.80,1,3981.90,2,3982.00,1,3982.10,2,3982.20,12,3982.30,11,Buy,152,92,244,60.00,60.00,1.00,3.80,28.9,3981.90,3983.80,3980.00,3980.80,98,53,151,45.00,55.00,-10.00,1.20,16.7,0,0,0.2222,0.0000,139.00,119.00,3987.35,-0.8572,DOWN,103.75,1.4554,1.1929
20260716 220051 506,3980.90,2,3981.00,3981.50,0.50,3981.00,2,3980.90,2,3980.80,1,3980.60,2,3980.50,2,3980.40,3,3980.30,3,3980.20,2,3980.10,3,3980.00,1,3981.50,1,3981.60,3,3981.70,3,3981.90,2,3982.20,3,3982.40,3,3982.50,4,3982.60,13,3982.70,13,3982.80,12,Buy,154,92,246,62.00,62.00,1.00,3.80,26.3,3981.90,3983.80,3980.00,3980.90,98,53,151,45.00,55.00,-10.00,1.20,16.7,0,0,0.2222,0.0000,141.00,121.00,3987.36,-0.8540,DOWN,103.75,1.4554,1.1929
20260716 220051 506,3980.90,1,3981.00,3981.50,0.50,3981.00,2,3980.90,2,3980.80,1,3980.60,2,3980.50,2,3980.40,3,3980.30,3,3980.20,2,3980.10,3,3980.00,1,3981.50,1,3981.60,3,3981.70,3,3981.90,2,3982.20,3,3982.40,3,3982.50,4,3982.60,13,3982.70,13,3982.80,12,Buy,155,92,247,63.00,63.00,1.00,3.80,26.3,3981.90,3983.80,3980.00,3980.90,98,53,151,45.00,55.00,-10.00,1.20,16.7,0,0,0.2222,0.0000,142.00,122.00,3987.36,-0.8540,DOWN,103.75,1.4554,1.1929
20260716 220051 506,3981.00,1,3981.00,3981.50,0.50,3981.00,2,3980.90,2,3980.80,1,3980.60,2,3980.50,2,3980.40,3,3980.30,3,3980.20,2,3980.10,3,3980.00,1,3981.50,1,3981.60,3,3981.70,3,3981.90,2,3982.20,3,3982.40,3,3982.50,4,3982.60,13,3982.70,13,3982.80,12,Buy,156,92,248,64.00,64.00,1.00,3.80,23.7,3981.90,3983.80,3980.00,3981.00,98,53,151,45.00,55.00,-10.00,1.20,16.7,0,0,0.2222,0.0000,143.00,123.00,3987.37,-0.8509,DOWN,103.75,1.4554,1.1929
20260716 220051 509,3981.10,1,3981.00,3981.50,0.50,3981.00,2,3980.90,2,3980.80,1,3980.60,2,3980.50,2,3980.40,3,3980.30,3,3980.20,2,3980.10,3,3980.00,1,3981.50,1,3981.60,3,3981.70,3,3981.90,2,3982.20,3,3982.40,3,3982.50,4,3982.60,13,3982.70,13,3982.80,12,Buy,157,92,249,65.00,65.00,1.00,3.80,21.1,3981.90,3983.80,3980.00,3981.10,98,53,151,45.00,55.00,-10.00,1.20,16.7,0,0,0.2222,0.0000,144.00,124.00,3987.37,-0.8477,DOWN,103.75,1.4554,1.1929
20260716 220051 513,3981.10,1,3981.00,3981.50,0.50,3981.00,2,3980.90,2,3980.80,1,3980.60,2,3980.50,2,3980.40,3,3980.30,3,3980.20,2,3980.10,3,3980.00,1,3981.50,1,3981.60,3,3981.70,3,3981.90,2,3982.20,3,3982.40,3,3982.50,4,3982.60,13,3982.70,13,3982.80,12,Buy,158,92,250,66.00,66.00,1.00,3.80,21.1,3981.90,3983.80,3980.00,3981.10,98,53,151,45.00,55.00,-10.00,1.20,16.7,0,0,0.2222,0.0000,145.00,125.00,3987.37,-0.8477,DOWN,103.75,1.4554,1.1929
20260716 220052 807,3981.50,1,3981.00,3981.50,0.50,3981.20,1,3981.10,3,3981.00,1,3980.90,2,3980.80,1,3980.60,1,3980.50,2,3980.40,3,3980.30,3,3980.20,2,3981.60,3,3981.70,3,3981.90,2,3982.20,3,3982.40,3,3982.50,4,3982.60,13,3982.70,13,3982.80,12,3982.90,12,Buy,159,92,251,67.00,67.00,1.00,3.80,10.5,3981.90,3983.80,3980.00,3981.50,98,53,151,45.00,55.00,-10.00,1.20,16.7,0,0,0.2222,0.0000,146.00,126.00,3987.41,-0.8350,DOWN,103.75,1.4554,1.1929
20260716 220056 171,3981.60,1,3981.20,3981.60,0.40,3981.20,1,3981.10,3,3981.00,1,3980.90,3,3980.80,1,3980.50,2,3980.40,4,3980.30,3,3980.20,2,3980.10,4,3981.60,1,3981.70,3,3981.90,2,3982.20,3,3982.40,3,3982.50,4,3982.60,13,3982.70,13,3982.80,12,3982.90,12,Buy,160,92,252,68.00,68.00,1.00,3.80,7.9,3981.90,3983.80,3980.00,3981.60,98,53,151,45.00,55.00,-10.00,1.20,16.7,0,0,0.2222,0.0000,147.00,127.00,3987.42,-0.8318,DOWN,103.75,1.4554,1.1929
