Timestamp,Last,Volume,Bid,Ask,Spread,BidPrice1,BidQty1,BidPrice2,BidQty2,BidPrice3,BidQty3,BidPrice4,BidQty4,BidPrice5,BidQty5,BidPrice6,BidQty6,BidPrice7,BidQty7,BidPrice8,BidQty8,BidPrice9,BidQty9,BidPrice10,BidQty10,AskPrice1,AskQty1,AskPrice2,AskQty2,AskPrice3,AskQty3,AskPrice4,AskQty4,AskPrice5,AskQty5,AskPrice6,AskQty6,AskPrice7,AskQty7,AskPrice8,AskQty8,AskPrice9,AskQty9,AskPrice10,AskQty10,Aggressor,CurBarBuyVol,CurBarSellVol,CurBarTotalVol,CurBarDelta,CurBarMaxSeen,CurBarMinSeen,CurBarRange,CurBarBodyPct,CurBarOpen,CurBarHigh,CurBarLow,CurBarClose,PrevBarBuyVol,PrevBarSellVol,PrevBarTotalVol,PrevBarDelta,PrevBarMaxSeen,PrevBarMinSeen,PrevBarRange,PrevBarBodyPct,PrevBar30sAggDelta,PrevBar30sTradeCount,PrevBarAbsorbRatio,IntraAbsorbRatio,CumDelta5Bars,CumDelta10Bars,HTFEmaValue,HTFEmaSlope,HTFEmaDir,H2_HourlyVolBaseline,H2_PrevBarVolMultiple,ATRValue
20260714 205800 481,4059.20,1,4058.20,4058.40,0.20,4055.00,1,4054.00,1,4052.80,1,4051.40,1,4051.30,1,4050.00,7,4049.80,1,4049.30,1,4049.20,8,4047.80,1,4060.30,1,4061.60,1,4061.80,1,4062.00,2,4062.40,1,4064.30,1,4065.00,4,4065.90,1,4066.30,1,4067.00,1,Buy,26,82,108,-56.00,11.00,-58.00,2.10,33.3,4059.20,4059.50,4057.40,4058.50,18,20,38,-2.00,3.00,-11.00,0.30,0.0,0,0,4.5000,0.0357,-43.00,-8.00,4063.06,-0.5553,DOWN,62.55,0.6075,1.0359
20260714 205800 481,4059.20,1,4058.20,4058.40,0.20,4055.00,1,4054.00,1,4052.80,1,4051.40,1,4051.30,1,4050.00,7,4049.80,1,4049.30,1,4049.20,8,4047.80,1,4060.30,1,4061.60,1,4061.80,1,4062.00,2,4062.40,1,4064.30,1,4065.00,4,4065.90,1,4066.30,1,4067.00,1,Buy,26,82,108,-56.00,11.00,-58.00,2.10,33.3,4059.20,4059.50,4057.40,4058.50,18,20,38,-2.00,3.00,-11.00,0.30,0.0,0,0,4.5000,0.0357,-43.00,-8.00,4063.06,-0.5553,DOWN,62.55,0.6075,1.0359
20260714 205800 482,4059.20,1,4058.20,4058.40,0.20,4055.00,1,4054.00,1,4052.80,1,4051.40,1,4051.30,1,4050.00,7,4049.80,1,4049.30,1,4049.20,8,4047.80,1,4060.30,1,4061.60,1,4061.80,1,4062.00,2,4062.40,1,4064.30,1,4065.00,4,4065.90,1,4066.30,1,4067.00,1,Buy,26,82,108,-56.00,11.00,-58.00,2.10,33.3,4059.20,4059.50,4057.40,4058.50,18,20,38,-2.00,3.00,-11.00,0.30,0.0,0,0,4.5000,0.0357,-43.00,-8.00,4063.06,-0.5553,DOWN,62.55,0.6075,1.0359
20260714 205800 772,4059.20,1,4058.20,4058.40,0.20,4055.00,1,4054.00,1,4052.80,1,4051.40,1,4051.30,1,4050.00,7,4049.80,1,4049.30,1,4049.20,8,4047.80,1,4060.30,1,4061.60,1,4061.80,1,4062.00,2,4062.40,1,4064.30,1,4065.00,4,4065.90,1,4066.30,1,4067.00,1,Sell,26,82,108,-56.00,11.00,-58.00,2.10,33.3,4059.20,4059.50,4057.40,4058.50,18,20,38,-2.00,3.00,-11.00,0.30,0.0,0,0,4.5000,0.0357,-43.00,-8.00,4063.06,-0.5553,DOWN,62.55,0.6075,1.0359
20260714 205801 000,4059.10,1,4058.20,4058.40,0.20,4055.00,1,4054.00,1,4052.80,1,4051.40,1,4051.30,1,4050.00,7,4049.80,1,4049.30,1,4049.20,8,4047.80,1,4060.30,1,4061.60,1,4061.80,1,4062.00,2,4062.40,1,4064.30,1,4065.00,4,4065.90,1,4066.30,1,4067.00,1,Sell,26,82,108,-56.00,11.00,-58.00,2.10,33.3,4059.20,4059.50,4057.40,4058.50,18,20,38,-2.00,3.00,-11.00,0.30,0.0,0,0,4.5000,0.0357,-43.00,-8.00,4063.06,-0.5553,DOWN,62.55,0.6075,1.0359
20260714 205801 001,4059.10,1,4058.20,4058.40,0.20,4055.00,1,4054.00,1,4052.80,1,4051.40,1,4051.30,1,4050.00,7,4049.80,1,4049.30,1,4049.20,8,4047.80,1,4060.30,1,4061.60,1,4061.80,1,4062.00,2,4062.40,1,4064.30,1,4065.00,4,4065.90,1,4066.30,1,4067.00,1,Sell,26,82,108,-56.00,11.00,-58.00,2.10,33.3,4059.20,4059.50,4057.40,4058.50,18,20,38,-2.00,3.00,-11.00,0.30,0.0,0,0,4.5000,0.0357,-43.00,-8.00,4063.06,-0.5553,DOWN,62.55,0.6075,1.0359
20260714 205801 465,4059.00,1,4058.20,4058.40,0.20,4055.00,1,4054.00,1,4052.80,1,4051.40,1,4051.30,1,4050.00,7,4049.80,1,4049.30,1,4049.20,8,4047.80,1,4060.30,1,4061.60,1,4061.80,1,4062.00,2,4062.40,1,4064.30,1,4065.00,4,4065.90,1,4066.30,1,4067.00,1,Sell,26,82,108,-56.00,11.00,-58.00,2.10,33.3,4059.20,4059.50,4057.40,4058.50,18,20,38,-2.00,3.00,-11.00,0.30,0.0,0,0,4.5000,0.0357,-43.00,-8.00,4063.06,-0.5553,DOWN,62.55,0.6075,1.0359
20260714 205801 465,4059.00,1,4058.20,4058.40,0.20,4055.00,1,4054.00,1,4052.80,1,4051.40,1,4051.30,1,4050.00,7,4049.80,1,4049.30,1,4049.20,8,4047.80,1,4060.30,1,4061.60,1,4061.80,1,4062.00,2,4062.40,1,4064.30,1,4065.00,4,4065.90,1,4066.30,1,4067.00,1,Sell,26,82,108,-56.00,11.00,-58.00,2.10,33.3,4059.20,4059.50,4057.40,4058.50,18,20,38,-2.00,3.00,-11.00,0.30,0.0,0,0,4.5000,0.0357,-43.00,-8.00,4063.06,-0.5553,DOWN,62.55,0.6075,1.0359
20260714 205801 465,4059.00,1,4058.20,4058.40,0.20,4055.00,1,4054.00,1,4052.80,1,4051.40,1,4051.30,1,4050.00,7,4049.80,1,4049.30,1,4049.20,8,4047.80,1,4060.30,1,4061.60,1,4061.80,1,4062.00,2,4062.40,1,4064.30,1,4065.00,4,4065.90,1,4066.30,1,4067.00,1,Sell,26,82,108,-56.00,11.00,-58.00,2.10,33.3,4059.20,4059.50,4057.40,4058.50,18,20,38,-2.00,3.00,-11.00,0.30,0.0,0,0,4.5000,0.0357,-43.00,-8.00,4063.06,-0.5553,DOWN,62.55,0.6075,1.0359
20260714 205801 465,4059.00,1,4058.20,4058.40,0.20,4055.00,1,4054.00,1,4052.80,1,4051.40,1,4051.30,1,4050.00,7,4049.80,1,4049.30,1,4049.20,8,4047.80,1,4060.30,1,4061.60,1,4061.80,1,4062.00,2,4062.40,1,4064.30,1,4065.00,4,4065.90,1,4066.30,1,4067.00,1,Sell,26,82,108,-56.00,11.00,-58.00,2.10,33.3,4059.20,4059.50,4057.40,4058.50,18,20,38,-2.00,3.00,-11.00,0.30,0.0,0,0,4.5000,0.0357,-43.00,-8.00,4063.06,-0.5553,DOWN,62.55,0.6075,1.0359
20260714 205803 464,4059.30,1,4058.20,4058.40,0.20,4055.00,1,4054.00,1,4052.80,1,4051.40,1,4051.30,1,4050.00,7,4049.80,1,4049.30,1,4049.20,8,4047.80,1,4060.30,1,4061.60,1,4061.80,1,4062.00,2,4062.40,1,4064.30,1,4065.00,4,4065.90,1,4066.30,1,4067.00,1,Sell,26,82,108,-56.00,11.00,-58.00,2.10,33.3,4059.20,4059.50,4057.40,4058.50,18,20,38,-2.00,3.00,-11.00,0.30,0.0,0,0,4.5000,0.0357,-43.00,-8.00,4063.06,-0.5553,DOWN,62.55,0.6075,1.0359
20260714 205803 464,4059.30,1,4058.20,4058.40,0.20,4055.00,1,4054.00,1,4052.80,1,4051.40,1,4051.30,1,4050.00,7,4049.80,1,4049.30,1,4049.20,8,4047.80,1,4060.30,1,4061.60,1,4061.80,1,4062.00,2,4062.40,1,4064.30,1,4065.00,4,4065.90,1,4066.30,1,4067.00,1,Sell,26,82,108,-56.00,11.00,-58.00,2.10,33.3,4059.20,4059.50,4057.40,4058.50,18,20,38,-2.00,3.00,-11.00,0.30,0.0,0,0,4.5000,0.0357,-43.00,-8.00,4063.06,-0.5553,DOWN,62.55,0.6075,1.0359
20260714 205803 464,4059.30,1,4058.20,4058.40,0.20,4055.00,1,4054.00,1,4052.80,1,4051.40,1,4051.30,1,4050.00,7,4049.80,1,4049.30,1,4049.20,8,4047.80,1,4060.30,1,4061.60,1,4061.80,1,4062.00,2,4062.40,1,4064.30,1,4065.00,4,4065.90,1,4066.30,1,4067.00,1,Sell,26,82,108,-56.00,11.00,-58.00,2.10,33.3,4059.20,4059.50,4057.40,4058.50,18,20,38,-2.00,3.00,-11.00,0.30,0.0,0,0,4.5000,0.0357,-43.00,-8.00,4063.06,-0.5553,DOWN,62.55,0.6075,1.0359
20260714 205804 308,4059.10,1,4058.20,4058.40,0.20,4055.00,1,4054.00,1,4052.80,1,4051.40,1,4051.30,1,4050.00,7,4049.80,1,4049.30,1,4049.20,8,4047.80,1,4060.30,1,4061.60,1,4061.80,1,4062.00,2,4062.40,1,4064.30,1,4065.00,4,4065.90,1,4066.30,1,4067.00,1,Sell,26,82,108,-56.00,11.00,-58.00,2.10,33.3,4059.20,4059.50,4057.40,4058.50,18,20,38,-2.00,3.00,-11.00,0.30,0.0,0,0,4.5000,0.0357,-43.00,-8.00,4063.06,-0.5553,DOWN,62.55,0.6075,1.0359
20260714 205816 292,4059.10,1,4058.20,4058.40,0.20,4055.00,1,4054.00,1,4052.80,1,4051.40,1,4051.30,1,4050.00,7,4049.80,1,4049.30,1,4049.20,8,4047.80,1,4060.30,1,4061.60,1,4061.80,1,4062.00,2,4062.40,1,4064.30,1,4065.00,4,4065.90,1,4066.30,1,4067.00,1,Sell,26,82,108,-56.00,11.00,-58.00,2.10,33.3,4059.20,4059.50,4057.40,4058.50,18,20,38,-2.00,3.00,-11.00,0.30,0.0,0,0,4.5000,0.0357,-43.00,-8.00,4063.06,-0.5553,DOWN,62.55,0.6075,1.0359
20260714 205816 292,4059.10,1,4058.20,4058.40,0.20,4055.00,1,4054.00,1,4052.80,1,4051.40,1,4051.30,1,4050.00,7,4049.80,1,4049.30,1,4049.20,8,4047.80,1,4060.30,1,4061.60,1,4061.80,1,4062.00,2,4062.40,1,4064.30,1,4065.00,4,4065.90,1,4066.30,1,4067.00,1,Sell,26,82,108,-56.00,11.00,-58.00,2.10,33.3,4059.20,4059.50,4057.40,4058.50,18,20,38,-2.00,3.00,-11.00,0.30,0.0,0,0,4.5000,0.0357,-43.00,-8.00,4063.06,-0.5553,DOWN,62.55,0.6075,1.0359
20260714 205816 295,4059.00,1,4058.20,4058.40,0.20,4055.00,1,4054.00,1,4052.80,1,4051.40,1,4051.30,1,4050.00,7,4049.80,1,4049.30,1,4049.20,8,4047.80,1,4060.30,1,4061.60,1,4061.80,1,4062.00,2,4062.40,1,4064.30,1,4065.00,4,4065.90,1,4066.30,1,4067.00,1,Sell,26,82,108,-56.00,11.00,-58.00,2.10,33.3,4059.20,4059.50,4057.40,4058.50,18,20,38,-2.00,3.00,-11.00,0.30,0.0,0,0,4.5000,0.0357,-43.00,-8.00,4063.06,-0.5553,DOWN,62.55,0.6075,1.0359
20260714 205818 308,4059.00,1,4058.20,4058.40,0.20,4055.00,1,4054.00,1,4052.80,1,4051.40,1,4051.30,1,4050.00,7,4049.80,1,4049.30,1,4049.20,8,4047.80,1,4060.30,1,4061.60,1,4061.80,1,4062.00,2,4062.40,1,4064.30,1,4065.00,4,4065.90,1,4066.30,1,4067.00,1,Buy,26,82,108,-56.00,11.00,-58.00,2.10,33.3,4059.20,4059.50,4057.40,4058.50,18,20,38,-2.00,3.00,-11.00,0.30,0.0,0,0,4.5000,0.0357,-43.00,-8.00,4063.06,-0.5553,DOWN,62.55,0.6075,1.0359
20260714 205818 308,4059.00,1,4058.20,4058.40,0.20,4055.00,1,4054.00,1,4052.80,1,4051.40,1,4051.30,1,4050.00,7,4049.80,1,4049.30,1,4049.20,8,4047.80,1,4060.30,1,4061.60,1,4061.80,1,4062.00,2,4062.40,1,4064.30,1,4065.00,4,4065.90,1,4066.30,1,4067.00,1,Buy,26,82,108,-56.00,11.00,-58.00,2.10,33.3,4059.20,4059.50,4057.40,4058.50,18,20,38,-2.00,3.00,-11.00,0.30,0.0,0,0,4.5000,0.0357,-43.00,-8.00,4063.06,-0.5553,DOWN,62.55,0.6075,1.0359
20260714 205818 308,4059.00,1,4058.20,4058.40,0.20,4055.00,1,4054.00,1,4052.80,1,4051.40,1,4051.30,1,4050.00,7,4049.80,1,4049.30,1,4049.20,8,4047.80,1,4060.30,1,4061.60,1,4061.80,1,4062.00,2,4062.40,1,4064.30,1,4065.00,4,4065.90,1,4066.30,1,4067.00,1,Buy,26,82,108,-56.00,11.00,-58.00,2.10,33.3,4059.20,4059.50,4057.40,4058.50,18,20,38,-2.00,3.00,-11.00,0.30,0.0,0,0,4.5000,0.0357,-43.00,-8.00,4063.06,-0.5553,DOWN,62.55,0.6075,1.0359
20260714 205818 308,4059.10,1,4058.20,4058.40,0.20,4055.00,1,4054.00,1,4052.80,1,4051.40,1,4051.30,1,4050.00,7,4049.80,1,4049.30,1,4049.20,8,4047.80,1,4060.30,1,4061.60,1,4061.80,1,4062.00,2,4062.40,1,4064.30,1,4065.00,4,4065.90,1,4066.30,1,4067.00,1,Buy,26,82,108,-56.00,11.00,-58.00,2.10,33.3,4059.20,4059.50,4057.40,4058.50,18,20,38,-2.00,3.00,-11.00,0.30,0.0,0,0,4.5000,0.0357,-43.00,-8.00,4063.06,-0.5553,DOWN,62.55,0.6075,1.0359
20260714 205818 308,4059.10,1,4058.20,4058.40,0.20,4055.00,1,4054.00,1,4052.80,1,4051.40,1,4051.30,1,4050.00,7,4049.80,1,4049.30,1,4049.20,8,4047.80,1,4060.30,1,4061.60,1,4061.80,1,4062.00,2,4062.40,1,4064.30,1,4065.00,4,4065.90,1,4066.30,1,4067.00,1,Buy,26,82,108,-56.00,11.00,-58.00,2.10,33.3,4059.20,4059.50,4057.40,4058.50,18,20,38,-2.00,3.00,-11.00,0.30,0.0,0,0,4.5000,0.0357,-43.00,-8.00,4063.06,-0.5553,DOWN,62.55,0.6075,1.0359
20260714 205818 308,4059.10,1,4058.20,4058.40,0.20,4055.00,1,4054.00,1,4052.80,1,4051.40,1,4051.30,1,4050.00,7,4049.80,1,4049.30,1,4049.20,8,4047.80,1,4060.30,1,4061.60,1,4061.80,1,4062.00,2,4062.40,1,4064.30,1,4065.00,4,4065.90,1,4066.30,1,4067.00,1,Buy,26,82,108,-56.00,11.00,-58.00,2.10,33.3,4059.20,4059.50,4057.40,4058.50,18,20,38,-2.00,3.00,-11.00,0.30,0.0,0,0,4.5000,0.0357,-43.00,-8.00,4063.06,-0.5553,DOWN,62.55,0.6075,1.0359
20260714 205818 308,4059.10,1,4058.20,4058.40,0.20,4055.00,1,4054.00,1,4052.80,1,4051.40,1,4051.30,1,4050.00,7,4049.80,1,4049.30,1,4049.20,8,4047.80,1,4060.30,1,4061.60,1,4061.80,1,4062.00,2,4062.40,1,4064.30,1,4065.00,4,4065.90,1,4066.30,1,4067.00,1,Buy,26,82,108,-56.00,11.00,-58.00,2.10,33.3,4059.20,4059.50,4057.40,4058.50,18,20,38,-2.00,3.00,-11.00,0.30,0.0,0,0,4.5000,0.0357,-43.00,-8.00,4063.06,-0.5553,DOWN,62.55,0.6075,1.0359
20260714 205818 308,4059.20,1,4058.20,4058.40,0.20,4055.00,1,4054.00,1,4052.80,1,4051.40,1,4051.30,1,4050.00,7,4049.80,1,4049.30,1,4049.20,8,4047.80,1,4060.30,1,4061.60,1,4061.80,1,4062.00,2,4062.40,1,4064.30,1,4065.00,4,4065.90,1,4066.30,1,4067.00,1,Buy,26,82,108,-56.00,11.00,-58.00,2.10,33.3,4059.20,4059.50,4057.40,4058.50,18,20,38,-2.00,3.00,-11.00,0.30,0.0,0,0,4.5000,0.0357,-43.00,-8.00,4063.06,-0.5553,DOWN,62.55,0.6075,1.0359
20260714 205818 308,4059.20,1,4058.20,4058.40,0.20,4055.00,1,4054.00,1,4052.80,1,4051.40,1,4051.30,1,4050.00,7,4049.80,1,4049.30,1,4049.20,8,4047.80,1,4060.30,1,4061.60,1,4061.80,1,4062.00,2,4062.40,1,4064.30,1,4065.00,4,4065.90,1,4066.30,1,4067.00,1,Buy,26,82,108,-56.00,11.00,-58.00,2.10,33.3,4059.20,4059.50,4057.40,4058.50,18,20,38,-2.00,3.00,-11.00,0.30,0.0,0,0,4.5000,0.0357,-43.00,-8.00,4063.06,-0.5553,DOWN,62.55,0.6075,1.0359
20260714 205818 310,4059.20,1,4058.20,4058.40,0.20,4055.00,1,4054.00,1,4052.80,1,4051.40,1,4051.30,1,4050.00,7,4049.80,1,4049.30,1,4049.20,8,4047.80,1,4060.30,1,4061.60,1,4061.80,1,4062.00,2,4062.40,1,4064.30,1,4065.00,4,4065.90,1,4066.30,1,4067.00,1,Buy,26,82,108,-56.00,11.00,-58.00,2.10,33.3,4059.20,4059.50,4057.40,4058.50,18,20,38,-2.00,3.00,-11.00,0.30,0.0,0,0,4.5000,0.0357,-43.00,-8.00,4063.06,-0.5553,DOWN,62.55,0.6075,1.0359
20260714 205818 310,4059.20,1,4058.20,4058.40,0.20,4055.00,1,4054.00,1,4052.80,1,4051.40,1,4051.30,1,4050.00,7,4049.80,1,4049.30,1,4049.20,8,4047.80,1,4060.30,1,4061.60,1,4061.80,1,4062.00,2,4062.40,1,4064.30,1,4065.00,4,4065.90,1,4066.30,1,4067.00,1,Buy,26,82,108,-56.00,11.00,-58.00,2.10,33.3,4059.20,4059.50,4057.40,4058.50,18,20,38,-2.00,3.00,-11.00,0.30,0.0,0,0,4.5000,0.0357,-43.00,-8.00,4063.06,-0.5553,DOWN,62.55,0.6075,1.0359
20260714 205818 310,4059.20,1,4058.20,4058.40,0.20,4055.00,1,4054.00,1,4052.80,1,4051.40,1,4051.30,1,4050.00,7,4049.80,1,4049.30,1,4049.20,8,4047.80,1,4060.30,1,4061.60,1,4061.80,1,4062.00,2,4062.40,1,4064.30,1,4065.00,4,4065.90,1,4066.30,1,4067.00,1,Buy,26,82,108,-56.00,11.00,-58.00,2.10,33.3,4059.20,4059.50,4057.40,4058.50,18,20,38,-2.00,3.00,-11.00,0.30,0.0,0,0,4.5000,0.0357,-43.00,-8.00,4063.06,-0.5553,DOWN,62.55,0.6075,1.0359
20260714 205818 470,4059.00,1,4058.20,4058.40,0.20,4055.00,1,4054.00,1,4052.80,1,4051.40,1,4051.30,1,4050.00,7,4049.80,1,4049.30,1,4049.20,8,4047.80,1,4060.30,1,4061.60,1,4061.80,1,4062.00,2,4062.40,1,4064.30,1,4065.00,4,4065.90,1,4066.30,1,4067.00,1,Sell,26,82,108,-56.00,11.00,-58.00,2.10,33.3,4059.20,4059.50,4057.40,4058.50,18,20,38,-2.00,3.00,-11.00,0.30,0.0,0,0,4.5000,0.0357,-43.00,-8.00,4063.06,-0.5553,DOWN,62.55,0.6075,1.0359
20260714 205818 470,4059.00,1,4058.20,4058.40,0.20,4055.00,1,4054.00,1,4052.80,1,4051.40,1,4051.30,1,4050.00,7,4049.80,1,4049.30,1,4049.20,8,4047.80,1,4060.30,1,4061.60,1,4061.80,1,4062.00,2,4062.40,1,4064.30,1,4065.00,4,4065.90,1,4066.30,1,4067.00,1,Sell,26,82,108,-56.00,11.00,-58.00,2.10,33.3,4059.20,4059.50,4057.40,4058.50,18,20,38,-2.00,3.00,-11.00,0.30,0.0,0,0,4.5000,0.0357,-43.00,-8.00,4063.06,-0.5553,DOWN,62.55,0.6075,1.0359
20260714 205818 940,4059.00,1,4058.20,4058.40,0.20,4055.00,1,4054.00,1,4052.80,1,4051.40,1,4051.30,1,4050.00,7,4049.80,1,4049.30,1,4049.20,8,4047.80,1,4060.30,1,4061.60,1,4061.80,1,4062.00,2,4062.40,1,4064.30,1,4065.00,4,4065.90,1,4066.30,1,4067.00,1,Sell,26,82,108,-56.00,11.00,-58.00,2.10,33.3,4059.20,4059.50,4057.40,4058.50,18,20,38,-2.00,3.00,-11.00,0.30,0.0,0,0,4.5000,0.0357,-43.00,-8.00,4063.06,-0.5553,DOWN,62.55,0.6075,1.0359
20260714 205818 940,4059.00,1,4058.20,4058.40,0.20,4055.00,1,4054.00,1,4052.80,1,4051.40,1,4051.30,1,4050.00,7,4049.80,1,4049.30,1,4049.20,8,4047.80,1,4060.30,1,4061.60,1,4061.80,1,4062.00,2,4062.40,1,4064.30,1,4065.00,4,4065.90,1,4066.30,1,4067.00,1,Sell,26,82,108,-56.00,11.00,-58.00,2.10,33.3,4059.20,4059.50,4057.40,4058.50,18,20,38,-2.00,3.00,-11.00,0.30,0.0,0,0,4.5000,0.0357,-43.00,-8.00,4063.06,-0.5553,DOWN,62.55,0.6075,1.0359
20260714 205823 102,4059.20,1,4058.20,4058.40,0.20,4055.00,1,4054.00,1,4052.80,1,4051.40,1,4051.30,1,4050.00,7,4049.80,1,4049.30,1,4049.20,8,4047.80,1,4060.30,1,4061.60,1,4061.80,1,4062.00,2,4062.40,1,4064.30,1,4065.00,4,4065.90,1,4066.30,1,4067.00,1,Buy,26,82,108,-56.00,11.00,-58.00,2.10,33.3,4059.20,4059.50,4057.40,4058.50,18,20,38,-2.00,3.00,-11.00,0.30,0.0,0,0,4.5000,0.0357,-43.00,-8.00,4063.06,-0.5553,DOWN,62.55,0.6075,1.0359
20260714 205835 205,4059.10,1,4058.20,4058.40,0.20,4055.00,1,4054.00,1,4052.80,1,4051.40,1,4051.30,1,4050.00,7,4049.80,1,4049.30,1,4049.20,8,4047.80,1,4060.30,1,4061.60,1,4061.80,1,4062.00,2,4062.40,1,4064.30,1,4065.00,4,4065.90,1,4066.30,1,4067.00,1,Sell,26,82,108,-56.00,11.00,-58.00,2.10,33.3,4059.20,4059.50,4057.40,4058.50,18,20,38,-2.00,3.00,-11.00,0.30,0.0,0,0,4.5000,0.0357,-43.00,-8.00,4063.06,-0.5553,DOWN,62.55,0.6075,1.0359
20260714 205855 425,4059.10,1,4058.20,4058.40,0.20,4055.00,1,4054.00,1,4052.80,1,4051.40,1,4051.30,1,4050.00,7,4049.80,1,4049.30,1,4049.20,8,4047.80,1,4060.30,1,4061.60,1,4061.80,1,4062.00,2,4062.40,1,4064.30,1,4065.00,4,4065.90,1,4066.30,1,4067.00,1,Sell,26,82,108,-56.00,11.00,-58.00,2.10,33.3,4059.20,4059.50,4057.40,4058.50,18,20,38,-2.00,3.00,-11.00,0.30,0.0,0,0,4.5000,0.0357,-43.00,-8.00,4063.06,-0.5553,DOWN,62.55,0.6075,1.0359
20260714 205855 940,4059.20,1,4058.20,4058.40,0.20,4055.00,1,4054.00,1,4052.80,1,4051.40,1,4051.30,1,4050.00,7,4049.80,1,4049.30,1,4049.20,8,4047.80,1,4060.30,1,4061.60,1,4061.80,1,4062.00,2,4062.40,1,4064.30,1,4065.00,4,4065.90,1,4066.30,1,4067.00,1,Buy,26,82,108,-56.00,11.00,-58.00,2.10,33.3,4059.20,4059.50,4057.40,4058.50,18,20,38,-2.00,3.00,-11.00,0.30,0.0,0,0,4.5000,0.0357,-43.00,-8.00,4063.06,-0.5553,DOWN,62.55,0.6075,1.0359
20260714 205858 918,4059.20,1,4058.20,4058.40,0.20,4055.00,1,4054.00,1,4052.80,1,4051.40,1,4051.30,1,4050.00,7,4049.80,1,4049.30,1,4049.20,8,4047.80,1,4060.30,1,4061.60,1,4061.80,1,4062.00,2,4062.40,1,4064.30,1,4065.00,4,4065.90,1,4066.30,1,4067.00,1,Buy,26,82,108,-56.00,11.00,-58.00,2.10,33.3,4059.20,4059.50,4057.40,4058.50,18,20,38,-2.00,3.00,-11.00,0.30,0.0,0,0,4.5000,0.0357,-43.00,-8.00,4063.06,-0.5553,DOWN,62.55,0.6075,1.0359
20260714 205900 025,4059.20,1,4058.20,4058.40,0.20,4055.00,1,4054.00,1,4052.80,1,4051.40,1,4051.30,1,4050.00,7,4049.80,1,4049.30,1,4049.20,8,4047.80,1,4060.30,1,4061.60,1,4061.80,1,4062.00,2,4062.40,1,4064.30,1,4065.00,4,4065.90,1,4066.30,1,4067.00,1,Buy,26,82,108,-56.00,11.00,-58.00,2.10,33.3,4059.20,4059.50,4057.40,4058.50,18,20,38,-2.00,3.00,-11.00,0.30,0.0,0,0,4.5000,0.0357,-43.00,-8.00,4063.06,-0.5553,DOWN,62.55,0.6075,1.0359
20260714 205900 025,4059.30,1,4058.20,4058.40,0.20,4055.00,1,4054.00,1,4052.80,1,4051.40,1,4051.30,1,4050.00,7,4049.80,1,4049.30,1,4049.20,8,4047.80,1,4060.30,1,4061.60,1,4061.80,1,4062.00,2,4062.40,1,4064.30,1,4065.00,4,4065.90,1,4066.30,1,4067.00,1,Buy,26,82,108,-56.00,11.00,-58.00,2.10,33.3,4059.20,4059.50,4057.40,4058.50,18,20,38,-2.00,3.00,-11.00,0.30,0.0,0,0,4.5000,0.0357,-43.00,-8.00,4063.06,-0.5553,DOWN,62.55,0.6075,1.0359
20260714 205900 025,4059.30,1,4058.20,4058.40,0.20,4055.00,1,4054.00,1,4052.80,1,4051.40,1,4051.30,1,4050.00,7,4049.80,1,4049.30,1,4049.20,8,4047.80,1,4060.30,1,4061.60,1,4061.80,1,4062.00,2,4062.40,1,4064.30,1,4065.00,4,4065.90,1,4066.30,1,4067.00,1,Buy,26,82,108,-56.00,11.00,-58.00,2.10,33.3,4059.20,4059.50,4057.40,4058.50,18,20,38,-2.00,3.00,-11.00,0.30,0.0,0,0,4.5000,0.0357,-43.00,-8.00,4063.06,-0.5553,DOWN,62.55,0.6075,1.0359
20260714 205900 027,4059.50,1,4058.20,4058.40,0.20,4055.00,1,4054.00,1,4052.80,1,4051.40,1,4051.30,1,4050.00,7,4049.80,1,4049.30,1,4049.20,8,4047.80,1,4060.30,1,4061.60,1,4061.80,1,4062.00,2,4062.40,1,4064.30,1,4065.00,4,4065.90,1,4066.30,1,4067.00,1,Buy,26,82,108,-56.00,11.00,-58.00,2.10,33.3,4059.20,4059.50,4057.40,4058.50,18,20,38,-2.00,3.00,-11.00,0.30,0.0,0,0,4.5000,0.0357,-43.00,-8.00,4063.06,-0.5553,DOWN,62.55,0.6075,1.0359
20260714 205900 037,4059.10,1,4058.20,4058.40,0.20,4055.00,1,4054.00,1,4052.80,1,4051.40,1,4051.30,1,4050.00,7,4049.80,1,4049.30,1,4049.20,8,4047.80,1,4060.30,1,4061.60,1,4061.80,1,4062.00,2,4062.40,1,4064.30,1,4065.00,4,4065.90,1,4066.30,1,4067.00,1,Sell,26,82,108,-56.00,11.00,-58.00,2.10,33.3,4059.20,4059.50,4057.40,4058.50,18,20,38,-2.00,3.00,-11.00,0.30,0.0,0,0,4.5000,0.0357,-43.00,-8.00,4063.06,-0.5553,DOWN,62.55,0.6075,1.0359
20260714 205900 250,4059.00,1,4058.20,4058.40,0.20,4055.00,1,4054.00,1,4052.80,1,4051.40,1,4051.30,1,4050.00,7,4049.80,1,4049.30,1,4049.20,8,4047.80,1,4060.30,1,4061.60,1,4061.80,1,4062.00,2,4062.40,1,4064.30,1,4065.00,4,4065.90,1,4066.30,1,4067.00,1,Sell,26,82,108,-56.00,11.00,-58.00,2.10,33.3,4059.20,4059.50,4057.40,4058.50,18,20,38,-2.00,3.00,-11.00,0.30,0.0,0,0,4.5000,0.0357,-43.00,-8.00,4063.06,-0.5553,DOWN,62.55,0.6075,1.0359
20260714 205900 250,4059.00,1,4058.20,4058.40,0.20,4055.00,1,4054.00,1,4052.80,1,4051.40,1,4051.30,1,4050.00,7,4049.80,1,4049.30,1,4049.20,8,4047.80,1,4060.30,1,4061.60,1,4061.80,1,4062.00,2,4062.40,1,4064.30,1,4065.00,4,4065.90,1,4066.30,1,4067.00,1,Sell,26,82,108,-56.00,11.00,-58.00,2.10,33.3,4059.20,4059.50,4057.40,4058.50,18,20,38,-2.00,3.00,-11.00,0.30,0.0,0,0,4.5000,0.0357,-43.00,-8.00,4063.06,-0.5553,DOWN,62.55,0.6075,1.0359
20260714 205900 827,4058.90,1,4058.20,4058.40,0.20,4055.00,1,4054.00,1,4052.80,1,4051.40,1,4051.30,1,4050.00,7,4049.80,1,4049.30,1,4049.20,8,4047.80,1,4060.30,1,4061.60,1,4061.80,1,4062.00,2,4062.40,1,4064.30,1,4065.00,4,4065.90,1,4066.30,1,4067.00,1,Sell,26,82,108,-56.00,11.00,-58.00,2.10,33.3,4059.20,4059.50,4057.40,4058.50,18,20,38,-2.00,3.00,-11.00,0.30,0.0,0,0,4.5000,0.0357,-43.00,-8.00,4063.06,-0.5553,DOWN,62.55,0.6075,1.0359
20260714 205900 986,4058.90,1,4058.20,4058.40,0.20,4055.00,1,4054.00,1,4052.80,1,4051.40,1,4051.30,1,4050.00,7,4049.80,1,4049.30,1,4049.20,8,4047.80,1,4060.30,1,4061.60,1,4061.80,1,4062.00,2,4062.40,1,4064.30,1,4065.00,4,4065.90,1,4066.30,1,4067.00,1,Sell,26,82,108,-56.00,11.00,-58.00,2.10,33.3,4059.20,4059.50,4057.40,4058.50,18,20,38,-2.00,3.00,-11.00,0.30,0.0,0,0,4.5000,0.0357,-43.00,-8.00,4063.06,-0.5553,DOWN,62.55,0.6075,1.0359
20260714 205900 986,4058.90,1,4058.20,4058.40,0.20,4055.00,1,4054.00,1,4052.80,1,4051.40,1,4051.30,1,4050.00,7,4049.80,1,4049.30,1,4049.20,8,4047.80,1,4060.30,1,4061.60,1,4061.80,1,4062.00,2,4062.40,1,4064.30,1,4065.00,4,4065.90,1,4066.30,1,4067.00,1,Sell,26,82,108,-56.00,11.00,-58.00,2.10,33.3,4059.20,4059.50,4057.40,4058.50,18,20,38,-2.00,3.00,-11.00,0.30,0.0,0,0,4.5000,0.0357,-43.00,-8.00,4063.06,-0.5553,DOWN,62.55,0.6075,1.0359
20260714 205900 986,4058.80,1,4058.20,4058.40,0.20,4055.00,1,4054.00,1,4052.80,1,4051.40,1,4051.30,1,4050.00,7,4049.80,1,4049.30,1,4049.20,8,4047.80,1,4060.30,1,4061.60,1,4061.80,1,4062.00,2,4062.40,1,4064.30,1,4065.00,4,4065.90,1,4066.30,1,4067.00,1,Sell,26,82,108,-56.00,11.00,-58.00,2.10,33.3,4059.20,4059.50,4057.40,4058.50,18,20,38,-2.00,3.00,-11.00,0.30,0.0,0,0,4.5000,0.0357,-43.00,-8.00,4063.06,-0.5553,DOWN,62.55,0.6075,1.0359
20260714 205900 986,4058.80,1,4058.20,4058.40,0.20,4055.00,1,4054.00,1,4052.80,1,4051.40,1,4051.30,1,4050.00,7,4049.80,1,4049.30,1,4049.20,8,4047.80,1,4060.30,1,4061.60,1,4061.80,1,4062.00,2,4062.40,1,4064.30,1,4065.00,4,4065.90,1,4066.30,1,4067.00,1,Sell,26,82,108,-56.00,11.00,-58.00,2.10,33.3,4059.20,4059.50,4057.40,4058.50,18,20,38,-2.00,3.00,-11.00,0.30,0.0,0,0,4.5000,0.0357,-43.00,-8.00,4063.06,-0.5553,DOWN,62.55,0.6075,1.0359
20260714 205903 597,4059.20,1,4058.20,4058.40,0.20,4055.00,1,4054.00,1,4052.80,1,4051.40,1,4051.30,1,4050.00,7,4049.80,1,4049.30,1,4049.20,8,4047.80,1,4060.30,1,4061.60,1,4061.80,1,4062.00,2,4062.40,1,4064.30,1,4065.00,4,4065.90,1,4066.30,1,4067.00,1,Buy,26,82,108,-56.00,11.00,-58.00,2.10,33.3,4059.20,4059.50,4057.40,4058.50,18,20,38,-2.00,3.00,-11.00,0.30,0.0,0,0,4.5000,0.0357,-43.00,-8.00,4063.06,-0.5553,DOWN,62.55,0.6075,1.0359
20260714 205903 597,4059.20,1,4058.20,4058.40,0.20,4055.00,1,4054.00,1,4052.80,1,4051.40,1,4051.30,1,4050.00,7,4049.80,1,4049.30,1,4049.20,8,4047.80,1,4060.30,1,4061.60,1,4061.80,1,4062.00,2,4062.40,1,4064.30,1,4065.00,4,4065.90,1,4066.30,1,4067.00,1,Buy,26,82,108,-56.00,11.00,-58.00,2.10,33.3,4059.20,4059.50,4057.40,4058.50,18,20,38,-2.00,3.00,-11.00,0.30,0.0,0,0,4.5000,0.0357,-43.00,-8.00,4063.06,-0.5553,DOWN,62.55,0.6075,1.0359
20260714 205903 597,4059.20,1,4058.20,4058.40,0.20,4055.00,1,4054.00,1,4052.80,1,4051.40,1,4051.30,1,4050.00,7,4049.80,1,4049.30,1,4049.20,8,4047.80,1,4060.30,1,4061.60,1,4061.80,1,4062.00,2,4062.40,1,4064.30,1,4065.00,4,4065.90,1,4066.30,1,4067.00,1,Buy,26,82,108,-56.00,11.00,-58.00,2.10,33.3,4059.20,4059.50,4057.40,4058.50,18,20,38,-2.00,3.00,-11.00,0.30,0.0,0,0,4.5000,0.0357,-43.00,-8.00,4063.06,-0.5553,DOWN,62.55,0.6075,1.0359
20260714 205903 597,4059.30,1,4058.20,4058.40,0.20,4055.00,1,4054.00,1,4052.80,1,4051.40,1,4051.30,1,4050.00,7,4049.80,1,4049.30,1,4049.20,8,4047.80,1,4060.30,1,4061.60,1,4061.80,1,4062.00,2,4062.40,1,4064.30,1,4065.00,4,4065.90,1,4066.30,1,4067.00,1,Buy,26,82,108,-56.00,11.00,-58.00,2.10,33.3,4059.20,4059.50,4057.40,4058.50,18,20,38,-2.00,3.00,-11.00,0.30,0.0,0,0,4.5000,0.0357,-43.00,-8.00,4063.06,-0.5553,DOWN,62.55,0.6075,1.0359
20260714 205914 696,4058.90,1,4058.20,4058.40,0.20,4055.00,1,4054.00,1,4052.80,1,4051.40,1,4051.30,1,4050.00,7,4049.80,1,4049.30,1,4049.20,8,4047.80,1,4060.30,1,4061.60,1,4061.80,1,4062.00,2,4062.40,1,4064.30,1,4065.00,4,4065.90,1,4066.30,1,4067.00,1,Sell,26,82,108,-56.00,11.00,-58.00,2.10,33.3,4059.20,4059.50,4057.40,4058.50,18,20,38,-2.00,3.00,-11.00,0.30,0.0,0,0,4.5000,0.0357,-43.00,-8.00,4063.06,-0.5553,DOWN,62.55,0.6075,1.0359
20260714 205916 903,4059.30,1,4058.20,4058.40,0.20,4055.00,1,4054.00,1,4052.80,1,4051.40,1,4051.30,1,4050.00,7,4049.80,1,4049.30,1,4049.20,8,4047.80,1,4060.30,1,4061.60,1,4061.80,1,4062.00,2,4062.40,1,4064.30,1,4065.00,4,4065.90,1,4066.30,1,4067.00,1,Buy,26,82,108,-56.00,11.00,-58.00,2.10,33.3,4059.20,4059.50,4057.40,4058.50,18,20,38,-2.00,3.00,-11.00,0.30,0.0,0,0,4.5000,0.0357,-43.00,-8.00,4063.06,-0.5553,DOWN,62.55,0.6075,1.0359
20260714 205916 903,4059.30,1,4058.20,4058.40,0.20,4055.00,1,4054.00,1,4052.80,1,4051.40,1,4051.30,1,4050.00,7,4049.80,1,4049.30,1,4049.20,8,4047.80,1,4060.30,1,4061.60,1,4061.80,1,4062.00,2,4062.40,1,4064.30,1,4065.00,4,4065.90,1,4066.30,1,4067.00,1,Buy,26,82,108,-56.00,11.00,-58.00,2.10,33.3,4059.20,4059.50,4057.40,4058.50,18,20,38,-2.00,3.00,-11.00,0.30,0.0,0,0,4.5000,0.0357,-43.00,-8.00,4063.06,-0.5553,DOWN,62.55,0.6075,1.0359
20260714 205916 903,4059.30,1,4058.20,4058.40,0.20,4055.00,1,4054.00,1,4052.80,1,4051.40,1,4051.30,1,4050.00,7,4049.80,1,4049.30,1,4049.20,8,4047.80,1,4060.30,1,4061.60,1,4061.80,1,4062.00,2,4062.40,1,4064.30,1,4065.00,4,4065.90,1,4066.30,1,4067.00,1,Buy,26,82,108,-56.00,11.00,-58.00,2.10,33.3,4059.20,4059.50,4057.40,4058.50,18,20,38,-2.00,3.00,-11.00,0.30,0.0,0,0,4.5000,0.0357,-43.00,-8.00,4063.06,-0.5553,DOWN,62.55,0.6075,1.0359
20260714 205916 903,4059.40,1,4058.20,4058.40,0.20,4055.00,1,4054.00,1,4052.80,1,4051.40,1,4051.30,1,4050.00,7,4049.80,1,4049.30,1,4049.20,8,4047.80,1,4060.30,1,4061.60,1,4061.80,1,4062.00,2,4062.40,1,4064.30,1,4065.00,4,4065.90,1,4066.30,1,4067.00,1,Buy,26,82,108,-56.00,11.00,-58.00,2.10,33.3,4059.20,4059.50,4057.40,4058.50,18,20,38,-2.00,3.00,-11.00,0.30,0.0,0,0,4.5000,0.0357,-43.00,-8.00,4063.06,-0.5553,DOWN,62.55,0.6075,1.0359
20260714 205916 903,4059.40,1,4058.20,4058.40,0.20,4055.00,1,4054.00,1,4052.80,1,4051.40,1,4051.30,1,4050.00,7,4049.80,1,4049.30,1,4049.20,8,4047.80,1,4060.30,1,4061.60,1,4061.80,1,4062.00,2,4062.40,1,4064.30,1,4065.00,4,4065.90,1,4066.30,1,4067.00,1,Buy,26,82,108,-56.00,11.00,-58.00,2.10,33.3,4059.20,4059.50,4057.40,4058.50,18,20,38,-2.00,3.00,-11.00,0.30,0.0,0,0,4.5000,0.0357,-43.00,-8.00,4063.06,-0.5553,DOWN,62.55,0.6075,1.0359
20260714 205916 903,4059.50,1,4058.20,4058.40,0.20,4055.00,1,4054.00,1,4052.80,1,4051.40,1,4051.30,1,4050.00,7,4049.80,1,4049.30,1,4049.20,8,4047.80,1,4060.30,1,4061.60,1,4061.80,1,4062.00,2,4062.40,1,4064.30,1,4065.00,4,4065.90,1,4066.30,1,4067.00,1,Buy,26,82,108,-56.00,11.00,-58.00,2.10,33.3,4059.20,4059.50,4057.40,4058.50,18,20,38,-2.00,3.00,-11.00,0.30,0.0,0,0,4.5000,0.0357,-43.00,-8.00,4063.06,-0.5553,DOWN,62.55,0.6075,1.0359
20260714 205916 903,4059.50,1,4058.20,4058.40,0.20,4055.00,1,4054.00,1,4052.80,1,4051.40,1,4051.30,1,4050.00,7,4049.80,1,4049.30,1,4049.20,8,4047.80,1,4060.30,1,4061.60,1,4061.80,1,4062.00,2,4062.40,1,4064.30,1,4065.00,4,4065.90,1,4066.30,1,4067.00,1,Buy,26,82,108,-56.00,11.00,-58.00,2.10,33.3,4059.20,4059.50,4057.40,4058.50,18,20,38,-2.00,3.00,-11.00,0.30,0.0,0,0,4.5000,0.0357,-43.00,-8.00,4063.06,-0.5553,DOWN,62.55,0.6075,1.0359
20260714 205916 903,4059.50,1,4058.20,4058.40,0.20,4055.00,1,4054.00,1,4052.80,1,4051.40,1,4051.30,1,4050.00,7,4049.80,1,4049.30,1,4049.20,8,4047.80,1,4060.30,1,4061.60,1,4061.80,1,4062.00,2,4062.40,1,4064.30,1,4065.00,4,4065.90,1,4066.30,1,4067.00,1,Buy,26,82,108,-56.00,11.00,-58.00,2.10,33.3,4059.20,4059.50,4057.40,4058.50,18,20,38,-2.00,3.00,-11.00,0.30,0.0,0,0,4.5000,0.0357,-43.00,-8.00,4063.06,-0.5553,DOWN,62.55,0.6075,1.0359
20260714 205916 903,4059.50,1,4058.20,4058.40,0.20,4055.00,1,4054.00,1,4052.80,1,4051.40,1,4051.30,1,4050.00,7,4049.80,1,4049.30,1,4049.20,8,4047.80,1,4060.30,1,4061.60,1,4061.80,1,4062.00,2,4062.40,1,4064.30,1,4065.00,4,4065.90,1,4066.30,1,4067.00,1,Buy,26,82,108,-56.00,11.00,-58.00,2.10,33.3,4059.20,4059.50,4057.40,4058.50,18,20,38,-2.00,3.00,-11.00,0.30,0.0,0,0,4.5000,0.0357,-43.00,-8.00,4063.06,-0.5553,DOWN,62.55,0.6075,1.0359
20260714 205916 903,4059.50,1,4058.20,4058.40,0.20,4055.00,1,4054.00,1,4052.80,1,4051.40,1,4051.30,1,4050.00,7,4049.80,1,4049.30,1,4049.20,8,4047.80,1,4060.30,1,4061.60,1,4061.80,1,4062.00,2,4062.40,1,4064.30,1,4065.00,4,4065.90,1,4066.30,1,4067.00,1,Buy,26,82,108,-56.00,11.00,-58.00,2.10,33.3,4059.20,4059.50,4057.40,4058.50,18,20,38,-2.00,3.00,-11.00,0.30,0.0,0,0,4.5000,0.0357,-43.00,-8.00,4063.06,-0.5553,DOWN,62.55,0.6075,1.0359
20260714 205927 848,4059.30,1,4058.20,4058.40,0.20,4055.00,1,4054.00,1,4052.80,1,4051.40,1,4051.30,1,4050.00,7,4049.80,1,4049.30,1,4049.20,8,4047.80,1,4060.30,1,4061.60,1,4061.80,1,4062.00,2,4062.40,1,4064.30,1,4065.00,4,4065.90,1,4066.30,1,4067.00,1,Buy,26,82,108,-56.00,11.00,-58.00,2.10,33.3,4059.20,4059.50,4057.40,4058.50,18,20,38,-2.00,3.00,-11.00,0.30,0.0,0,0,4.5000,0.0357,-43.00,-8.00,4063.06,-0.5553,DOWN,62.55,0.6075,1.0359
20260714 205928 372,4059.30,1,4058.20,4058.40,0.20,4055.00,1,4054.00,1,4052.80,1,4051.40,1,4051.30,1,4050.00,7,4049.80,1,4049.30,1,4049.20,8,4047.80,1,4060.30,1,4061.60,1,4061.80,1,4062.00,2,4062.40,1,4064.30,1,4065.00,4,4065.90,1,4066.30,1,4067.00,1,Buy,26,82,108,-56.00,11.00,-58.00,2.10,33.3,4059.20,4059.50,4057.40,4058.50,18,20,38,-2.00,3.00,-11.00,0.30,0.0,0,0,4.5000,0.0357,-43.00,-8.00,4063.06,-0.5553,DOWN,62.55,0.6075,1.0359
20260714 205930 003,4059.10,1,4058.20,4058.40,0.20,4055.00,1,4054.00,1,4052.80,1,4051.40,1,4051.30,1,4050.00,7,4049.80,1,4049.30,1,4049.20,8,4047.80,1,4060.30,1,4061.60,1,4061.80,1,4062.00,2,4062.40,1,4064.30,1,4065.00,4,4065.90,1,4066.30,1,4067.00,1,Sell,26,82,108,-56.00,11.00,-58.00,2.10,33.3,4059.20,4059.50,4057.40,4058.50,18,20,38,-2.00,3.00,-11.00,0.30,0.0,0,0,4.5000,0.0357,-43.00,-8.00,4063.06,-0.5553,DOWN,62.55,0.6075,1.0359
20260714 205930 003,4059.10,1,4058.20,4058.40,0.20,4055.00,1,4054.00,1,4052.80,1,4051.40,1,4051.30,1,4050.00,7,4049.80,1,4049.30,1,4049.20,8,4047.80,1,4060.30,1,4061.60,1,4061.80,1,4062.00,2,4062.40,1,4064.30,1,4065.00,4,4065.90,1,4066.30,1,4067.00,1,Sell,26,82,108,-56.00,11.00,-58.00,2.10,33.3,4059.20,4059.50,4057.40,4058.50,18,20,38,-2.00,3.00,-11.00,0.30,0.0,0,0,4.5000,0.0357,-43.00,-8.00,4063.06,-0.5553,DOWN,62.55,0.6075,1.0359
20260714 205930 200,4059.10,1,4058.20,4058.40,0.20,4055.00,1,4054.00,1,4052.80,1,4051.40,1,4051.30,1,4050.00,7,4049.80,1,4049.30,1,4049.20,8,4047.80,1,4060.30,1,4061.60,1,4061.80,1,4062.00,2,4062.40,1,4064.30,1,4065.00,4,4065.90,1,4066.30,1,4067.00,1,Sell,26,82,108,-56.00,11.00,-58.00,2.10,33.3,4059.20,4059.50,4057.40,4058.50,18,20,38,-2.00,3.00,-11.00,0.30,0.0,0,0,4.5000,0.0357,-43.00,-8.00,4063.06,-0.5553,DOWN,62.55,0.6075,1.0359
20260714 205930 200,4059.10,1,4058.20,4058.40,0.20,4055.00,1,4054.00,1,4052.80,1,4051.40,1,4051.30,1,4050.00,7,4049.80,1,4049.30,1,4049.20,8,4047.80,1,4060.30,1,4061.60,1,4061.80,1,4062.00,2,4062.40,1,4064.30,1,4065.00,4,4065.90,1,4066.30,1,4067.00,1,Sell,26,82,108,-56.00,11.00,-58.00,2.10,33.3,4059.20,4059.50,4057.40,4058.50,18,20,38,-2.00,3.00,-11.00,0.30,0.0,0,0,4.5000,0.0357,-43.00,-8.00,4063.06,-0.5553,DOWN,62.55,0.6075,1.0359
20260714 205930 501,4059.10,1,4058.20,4058.40,0.20,4055.00,1,4054.00,1,4052.80,1,4051.40,1,4051.30,1,4050.00,7,4049.80,1,4049.30,1,4049.20,8,4047.80,1,4060.30,1,4061.60,1,4061.80,1,4062.00,2,4062.40,1,4064.30,1,4065.00,4,4065.90,1,4066.30,1,4067.00,1,Sell,26,82,108,-56.00,11.00,-58.00,2.10,33.3,4059.20,4059.50,4057.40,4058.50,18,20,38,-2.00,3.00,-11.00,0.30,0.0,0,0,4.5000,0.0357,-43.00,-8.00,4063.06,-0.5553,DOWN,62.55,0.6075,1.0359
20260714 205930 501,4059.10,1,4058.20,4058.40,0.20,4055.00,1,4054.00,1,4052.80,1,4051.40,1,4051.30,1,4050.00,7,4049.80,1,4049.30,1,4049.20,8,4047.80,1,4060.30,1,4061.60,1,4061.80,1,4062.00,2,4062.40,1,4064.30,1,4065.00,4,4065.90,1,4066.30,1,4067.00,1,Sell,26,82,108,-56.00,11.00,-58.00,2.10,33.3,4059.20,4059.50,4057.40,4058.50,18,20,38,-2.00,3.00,-11.00,0.30,0.0,0,0,4.5000,0.0357,-43.00,-8.00,4063.06,-0.5553,DOWN,62.55,0.6075,1.0359
20260714 205930 880,4059.30,1,4058.20,4058.40,0.20,4055.00,1,4054.00,1,4052.80,1,4051.40,1,4051.30,1,4050.00,7,4049.80,1,4049.30,1,4049.20,8,4047.80,1,4060.30,1,4061.60,1,4061.80,1,4062.00,2,4062.40,1,4064.30,1,4065.00,4,4065.90,1,4066.30,1,4067.00,1,Buy,26,82,108,-56.00,11.00,-58.00,2.10,33.3,4059.20,4059.50,4057.40,4058.50,18,20,38,-2.00,3.00,-11.00,0.30,0.0,0,0,4.5000,0.0357,-43.00,-8.00,4063.06,-0.5553,DOWN,62.55,0.6075,1.0359
20260714 205930 927,4059.10,1,4058.20,4058.40,0.20,4055.00,1,4054.00,1,4052.80,1,4051.40,1,4051.30,1,4050.00,7,4049.80,1,4049.30,1,4049.20,8,4047.80,1,4060.30,1,4061.60,1,4061.80,1,4062.00,2,4062.40,1,4064.30,1,4065.00,4,4065.90,1,4066.30,1,4067.00,1,Sell,26,82,108,-56.00,11.00,-58.00,2.10,33.3,4059.20,4059.50,4057.40,4058.50,18,20,38,-2.00,3.00,-11.00,0.30,0.0,0,0,4.5000,0.0357,-43.00,-8.00,4063.06,-0.5553,DOWN,62.55,0.6075,1.0359
20260714 205930 950,4059.10,1,4058.20,4058.40,0.20,4055.00,1,4054.00,1,4052.80,1,4051.40,1,4051.30,1,4050.00,7,4049.80,1,4049.30,1,4049.20,8,4047.80,1,4060.30,1,4061.60,1,4061.80,1,4062.00,2,4062.40,1,4064.30,1,4065.00,4,4065.90,1,4066.30,1,4067.00,1,Sell,26,82,108,-56.00,11.00,-58.00,2.10,33.3,4059.20,4059.50,4057.40,4058.50,18,20,38,-2.00,3.00,-11.00,0.30,0.0,0,0,4.5000,0.0357,-43.00,-8.00,4063.06,-0.5553,DOWN,62.55,0.6075,1.0359
20260714 205931 624,4059.00,1,4058.20,4058.40,0.20,4055.00,1,4054.00,1,4052.80,1,4051.40,1,4051.30,1,4050.00,7,4049.80,1,4049.30,1,4049.20,8,4047.80,1,4060.30,1,4061.60,1,4061.80,1,4062.00,2,4062.40,1,4064.30,1,4065.00,4,4065.90,1,4066.30,1,4067.00,1,Sell,26,82,108,-56.00,11.00,-58.00,2.10,33.3,4059.20,4059.50,4057.40,4058.50,18,20,38,-2.00,3.00,-11.00,0.30,0.0,0,0,4.5000,0.0357,-43.00,-8.00,4063.06,-0.5553,DOWN,62.55,0.6075,1.0359
20260714 205931 624,4059.00,1,4058.20,4058.40,0.20,4055.00,1,4054.00,1,4052.80,1,4051.40,1,4051.30,1,4050.00,7,4049.80,1,4049.30,1,4049.20,8,4047.80,1,4060.30,1,4061.60,1,4061.80,1,4062.00,2,4062.40,1,4064.30,1,4065.00,4,4065.90,1,4066.30,1,4067.00,1,Sell,26,82,108,-56.00,11.00,-58.00,2.10,33.3,4059.20,4059.50,4057.40,4058.50,18,20,38,-2.00,3.00,-11.00,0.30,0.0,0,0,4.5000,0.0357,-43.00,-8.00,4063.06,-0.5553,DOWN,62.55,0.6075,1.0359
20260714 205931 624,4059.00,1,4058.20,4058.40,0.20,4055.00,1,4054.00,1,4052.80,1,4051.40,1,4051.30,1,4050.00,7,4049.80,1,4049.30,1,4049.20,8,4047.80,1,4060.30,1,4061.60,1,4061.80,1,4062.00,2,4062.40,1,4064.30,1,4065.00,4,4065.90,1,4066.30,1,4067.00,1,Sell,26,82,108,-56.00,11.00,-58.00,2.10,33.3,4059.20,4059.50,4057.40,4058.50,18,20,38,-2.00,3.00,-11.00,0.30,0.0,0,0,4.5000,0.0357,-43.00,-8.00,4063.06,-0.5553,DOWN,62.55,0.6075,1.0359
20260714 205932 638,4059.00,1,4058.20,4058.40,0.20,4055.00,1,4054.00,1,4052.80,1,4051.40,1,4051.30,1,4050.00,7,4049.80,1,4049.30,1,4049.20,8,4047.80,1,4060.30,1,4061.60,1,4061.80,1,4062.00,2,4062.40,1,4064.30,1,4065.00,4,4065.90,1,4066.30,1,4067.00,1,Sell,26,82,108,-56.00,11.00,-58.00,2.10,33.3,4059.20,4059.50,4057.40,4058.50,18,20,38,-2.00,3.00,-11.00,0.30,0.0,0,0,4.5000,0.0357,-43.00,-8.00,4063.06,-0.5553,DOWN,62.55,0.6075,1.0359
20260714 205932 638,4059.00,1,4058.20,4058.40,0.20,4055.00,1,4054.00,1,4052.80,1,4051.40,1,4051.30,1,4050.00,7,4049.80,1,4049.30,1,4049.20,8,4047.80,1,4060.30,1,4061.60,1,4061.80,1,4062.00,2,4062.40,1,4064.30,1,4065.00,4,4065.90,1,4066.30,1,4067.00,1,Sell,26,82,108,-56.00,11.00,-58.00,2.10,33.3,4059.20,4059.50,4057.40,4058.50,18,20,38,-2.00,3.00,-11.00,0.30,0.0,0,0,4.5000,0.0357,-43.00,-8.00,4063.06,-0.5553,DOWN,62.55,0.6075,1.0359
20260714 205932 638,4059.00,1,4058.20,4058.40,0.20,4055.00,1,4054.00,1,4052.80,1,4051.40,1,4051.30,1,4050.00,7,4049.80,1,4049.30,1,4049.20,8,4047.80,1,4060.30,1,4061.60,1,4061.80,1,4062.00,2,4062.40,1,4064.30,1,4065.00,4,4065.90,1,4066.30,1,4067.00,1,Sell,26,82,108,-56.00,11.00,-58.00,2.10,33.3,4059.20,4059.50,4057.40,4058.50,18,20,38,-2.00,3.00,-11.00,0.30,0.0,0,0,4.5000,0.0357,-43.00,-8.00,4063.06,-0.5553,DOWN,62.55,0.6075,1.0359
20260714 205932 776,4058.90,1,4058.20,4058.40,0.20,4055.00,1,4054.00,1,4052.80,1,4051.40,1,4051.30,1,4050.00,7,4049.80,1,4049.30,1,4049.20,8,4047.80,1,4060.30,1,4061.60,1,4061.80,1,4062.00,2,4062.40,1,4064.30,1,4065.00,4,4065.90,1,4066.30,1,4067.00,1,Sell,26,82,108,-56.00,11.00,-58.00,2.10,33.3,4059.20,4059.50,4057.40,4058.50,18,20,38,-2.00,3.00,-11.00,0.30,0.0,0,0,4.5000,0.0357,-43.00,-8.00,4063.06,-0.5553,DOWN,62.55,0.6075,1.0359
20260714 205934 157,4059.00,1,4058.20,4058.40,0.20,4055.00,1,4054.00,1,4052.80,1,4051.40,1,4051.30,1,4050.00,7,4049.80,1,4049.30,1,4049.20,8,4047.80,1,4060.30,1,4061.60,1,4061.80,1,4062.00,2,4062.40,1,4064.30,1,4065.00,4,4065.90,1,4066.30,1,4067.00,1,Sell,26,82,108,-56.00,11.00,-58.00,2.10,33.3,4059.20,4059.50,4057.40,4058.50,18,20,38,-2.00,3.00,-11.00,0.30,0.0,0,0,4.5000,0.0357,-43.00,-8.00,4063.06,-0.5553,DOWN,62.55,0.6075,1.0359
20260714 205934 157,4059.00,1,4058.20,4058.40,0.20,4055.00,1,4054.00,1,4052.80,1,4051.40,1,4051.30,1,4050.00,7,4049.80,1,4049.30,1,4049.20,8,4047.80,1,4060.30,1,4061.60,1,4061.80,1,4062.00,2,4062.40,1,4064.30,1,4065.00,4,4065.90,1,4066.30,1,4067.00,1,Sell,26,82,108,-56.00,11.00,-58.00,2.10,33.3,4059.20,4059.50,4057.40,4058.50,18,20,38,-2.00,3.00,-11.00,0.30,0.0,0,0,4.5000,0.0357,-43.00,-8.00,4063.06,-0.5553,DOWN,62.55,0.6075,1.0359
20260714 205936 156,4059.10,1,4058.20,4058.40,0.20,4055.00,1,4054.00,1,4052.80,1,4051.40,1,4051.30,1,4050.00,7,4049.80,1,4049.30,1,4049.20,8,4047.80,1,4060.30,1,4061.60,1,4061.80,1,4062.00,2,4062.40,1,4064.30,1,4065.00,4,4065.90,1,4066.30,1,4067.00,1,Sell,26,82,108,-56.00,11.00,-58.00,2.10,33.3,4059.20,4059.50,4057.40,4058.50,18,20,38,-2.00,3.00,-11.00,0.30,0.0,0,0,4.5000,0.0357,-43.00,-8.00,4063.06,-0.5553,DOWN,62.55,0.6075,1.0359
20260714 205937 378,4059.10,1,4058.20,4058.40,0.20,4055.00,1,4054.00,1,4052.80,1,4051.40,1,4051.30,1,4050.00,7,4049.80,1,4049.30,1,4049.20,8,4047.80,1,4060.30,1,4061.60,1,4061.80,1,4062.00,2,4062.40,1,4064.30,1,4065.00,4,4065.90,1,4066.30,1,4067.00,1,Sell,26,82,108,-56.00,11.00,-58.00,2.10,33.3,4059.20,4059.50,4057.40,4058.50,18,20,38,-2.00,3.00,-11.00,0.30,0.0,0,0,4.5000,0.0357,-43.00,-8.00,4063.06,-0.5553,DOWN,62.55,0.6075,1.0359
20260714 205938 156,4059.10,1,4058.20,4058.40,0.20,4055.00,1,4054.00,1,4052.80,1,4051.40,1,4051.30,1,4050.00,7,4049.80,1,4049.30,1,4049.20,8,4047.80,1,4060.30,1,4061.60,1,4061.80,1,4062.00,2,4062.40,1,4064.30,1,4065.00,4,4065.90,1,4066.30,1,4067.00,1,Sell,26,82,108,-56.00,11.00,-58.00,2.10,33.3,4059.20,4059.50,4057.40,4058.50,18,20,38,-2.00,3.00,-11.00,0.30,0.0,0,0,4.5000,0.0357,-43.00,-8.00,4063.06,-0.5553,DOWN,62.55,0.6075,1.0359
20260714 205938 951,4059.00,1,4058.20,4058.40,0.20,4055.00,1,4054.00,1,4052.80,1,4051.40,1,4051.30,1,4050.00,7,4049.80,1,4049.30,1,4049.20,8,4047.80,1,4060.30,1,4061.60,1,4061.80,1,4062.00,2,4062.40,1,4064.30,1,4065.00,4,4065.90,1,4066.30,1,4067.00,1,Sell,26,82,108,-56.00,11.00,-58.00,2.10,33.3,4059.20,4059.50,4057.40,4058.50,18,20,38,-2.00,3.00,-11.00,0.30,0.0,0,0,4.5000,0.0357,-43.00,-8.00,4063.06,-0.5553,DOWN,62.55,0.6075,1.0359
20260714 205938 951,4059.00,1,4058.20,4058.40,0.20,4055.00,1,4054.00,1,4052.80,1,4051.40,1,4051.30,1,4050.00,7,4049.80,1,4049.30,1,4049.20,8,4047.80,1,4060.30,1,4061.60,1,4061.80,1,4062.00,2,4062.40,1,4064.30,1,4065.00,4,4065.90,1,4066.30,1,4067.00,1,Sell,26,82,108,-56.00,11.00,-58.00,2.10,33.3,4059.20,4059.50,4057.40,4058.50,18,20,38,-2.00,3.00,-11.00,0.30,0.0,0,0,4.5000,0.0357,-43.00,-8.00,4063.06,-0.5553,DOWN,62.55,0.6075,1.0359
20260714 205938 951,4059.00,1,4058.20,4058.40,0.20,4055.00,1,4054.00,1,4052.80,1,4051.40,1,4051.30,1,4050.00,7,4049.80,1,4049.30,1,4049.20,8,4047.80,1,4060.30,1,4061.60,1,4061.80,1,4062.00,2,4062.40,1,4064.30,1,4065.00,4,4065.90,1,4066.30,1,4067.00,1,Sell,26,82,108,-56.00,11.00,-58.00,2.10,33.3,4059.20,4059.50,4057.40,4058.50,18,20,38,-2.00,3.00,-11.00,0.30,0.0,0,0,4.5000,0.0357,-43.00,-8.00,4063.06,-0.5553,DOWN,62.55,0.6075,1.0359
20260714 205940 156,4059.10,1,4058.20,4058.40,0.20,4055.00,1,4054.00,1,4052.80,1,4051.40,1,4051.30,1,4050.00,7,4049.80,1,4049.30,1,4049.20,8,4047.80,1,4060.30,1,4061.60,1,4061.80,1,4062.00,2,4062.40,1,4064.30,1,4065.00,4,4065.90,1,4066.30,1,4067.00,1,Sell,26,82,108,-56.00,11.00,-58.00,2.10,33.3,4059.20,4059.50,4057.40,4058.50,18,20,38,-2.00,3.00,-11.00,0.30,0.0,0,0,4.5000,0.0357,-43.00,-8.00,4063.06,-0.5553,DOWN,62.55,0.6075,1.0359
20260714 205940 156,4059.10,1,4058.20,4058.40,0.20,4055.00,1,4054.00,1,4052.80,1,4051.40,1,4051.30,1,4050.00,7,4049.80,1,4049.30,1,4049.20,8,4047.80,1,4060.30,1,4061.60,1,4061.80,1,4062.00,2,4062.40,1,4064.30,1,4065.00,4,4065.90,1,4066.30,1,4067.00,1,Sell,26,82,108,-56.00,11.00,-58.00,2.10,33.3,4059.20,4059.50,4057.40,4058.50,18,20,38,-2.00,3.00,-11.00,0.30,0.0,0,0,4.5000,0.0357,-43.00,-8.00,4063.06,-0.5553,DOWN,62.55,0.6075,1.0359
20260714 205940 310,4059.30,1,4058.20,4058.40,0.20,4055.00,1,4054.00,1,4052.80,1,4051.40,1,4051.30,1,4050.00,7,4049.80,1,4049.30,1,4049.20,8,4047.80,1,4060.30,1,4061.60,1,4061.80,1,4062.00,2,4062.40,1,4064.30,1,4065.00,4,4065.90,1,4066.30,1,4067.00,1,Buy,26,82,108,-56.00,11.00,-58.00,2.10,33.3,4059.20,4059.50,4057.40,4058.50,18,20,38,-2.00,3.00,-11.00,0.30,0.0,0,0,4.5000,0.0357,-43.00,-8.00,4063.06,-0.5553,DOWN,62.55,0.6075,1.0359
20260714 205940 673,4059.30,1,4058.20,4058.40,0.20,4055.00,1,4054.00,1,4052.80,1,4051.40,1,4051.30,1,4050.00,7,4049.80,1,4049.30,1,4049.20,8,4047.80,1,4060.30,1,4061.60,1,4061.80,1,4062.00,2,4062.40,1,4064.30,1,4065.00,4,4065.90,1,4066.30,1,4067.00,1,Sell,26,82,108,-56.00,11.00,-58.00,2.10,33.3,4059.20,4059.50,4057.40,4058.50,18,20,38,-2.00,3.00,-11.00,0.30,0.0,0,0,4.5000,0.0357,-43.00,-8.00,4063.06,-0.5553,DOWN,62.55,0.6075,1.0359
20260714 205944 040,4059.40,1,4058.20,4058.40,0.20,4055.00,1,4054.00,1,4052.80,1,4051.40,1,4051.30,1,4050.00,7,4049.80,1,4049.30,1,4049.20,8,4047.80,1,4060.30,1,4061.60,1,4061.80,1,4062.00,2,4062.40,1,4064.30,1,4065.00,4,4065.90,1,4066.30,1,4067.00,1,Buy,26,82,108,-56.00,11.00,-58.00,2.10,33.3,4059.20,4059.50,4057.40,4058.50,18,20,38,-2.00,3.00,-11.00,0.30,0.0,0,0,4.5000,0.0357,-43.00,-8.00,4063.06,-0.5553,DOWN,62.55,0.6075,1.0359
20260714 205944 042,4059.20,1,4058.20,4058.40,0.20,4055.00,1,4054.00,1,4052.80,1,4051.40,1,4051.30,1,4050.00,7,4049.80,1,4049.30,1,4049.20,8,4047.80,1,4060.30,1,4061.60,1,4061.80,1,4062.00,2,4062.40,1,4064.30,1,4065.00,4,4065.90,1,4066.30,1,4067.00,1,Sell,26,82,108,-56.00,11.00,-58.00,2.10,33.3,4059.20,4059.50,4057.40,4058.50,18,20,38,-2.00,3.00,-11.00,0.30,0.0,0,0,4.5000,0.0357,-43.00,-8.00,4063.06,-0.5553,DOWN,62.55,0.6075,1.0359
20260714 205944 054,4059.10,1,4058.20,4058.40,0.20,4055.00,1,4054.00,1,4052.80,1,4051.40,1,4051.30,1,4050.00,7,4049.80,1,4049.30,1,4049.20,8,4047.80,1,4060.30,1,4061.60,1,4061.80,1,4062.00,2,4062.40,1,4064.30,1,4065.00,4,4065.90,1,4066.30,1,4067.00,1,Sell,26,82,108,-56.00,11.00,-58.00,2.10,33.3,4059.20,4059.50,4057.40,4058.50,18,20,38,-2.00,3.00,-11.00,0.30,0.0,0,0,4.5000,0.0357,-43.00,-8.00,4063.06,-0.5553,DOWN,62.55,0.6075,1.0359
20260714 205944 054,4059.10,1,4058.20,4058.40,0.20,4055.00,1,4054.00,1,4052.80,1,4051.40,1,4051.30,1,4050.00,7,4049.80,1,4049.30,1,4049.20,8,4047.80,1,4060.30,1,4061.60,1,4061.80,1,4062.00,2,4062.40,1,4064.30,1,4065.00,4,4065.90,1,4066.30,1,4067.00,1,Sell,26,82,108,-56.00,11.00,-58.00,2.10,33.3,4059.20,4059.50,4057.40,4058.50,18,20,38,-2.00,3.00,-11.00,0.30,0.0,0,0,4.5000,0.0357,-43.00,-8.00,4063.06,-0.5553,DOWN,62.55,0.6075,1.0359
20260714 205945 561,4059.10,1,4058.20,4058.40,0.20,4055.00,1,4054.00,1,4052.80,1,4051.40,1,4051.30,1,4050.00,7,4049.80,1,4049.30,1,4049.20,8,4047.80,1,4060.30,1,4061.60,1,4061.80,1,4062.00,2,4062.40,1,4064.30,1,4065.00,4,4065.90,1,4066.30,1,4067.00,1,Sell,26,82,108,-56.00,11.00,-58.00,2.10,33.3,4059.20,4059.50,4057.40,4058.50,18,20,38,-2.00,3.00,-11.00,0.30,0.0,0,0,4.5000,0.0357,-43.00,-8.00,4063.06,-0.5553,DOWN,62.55,0.6075,1.0359
20260714 205946 153,4059.20,1,4058.20,4058.40,0.20,4055.00,1,4054.00,1,4052.80,1,4051.40,1,4051.30,1,4050.00,7,4049.80,1,4049.30,1,4049.20,8,4047.80,1,4060.30,1,4061.60,1,4061.80,1,4062.00,2,4062.40,1,4064.30,1,4065.00,4,4065.90,1,4066.30,1,4067.00,1,Sell,26,82,108,-56.00,11.00,-58.00,2.10,33.3,4059.20,4059.50,4057.40,4058.50,18,20,38,-2.00,3.00,-11.00,0.30,0.0,0,0,4.5000,0.0357,-43.00,-8.00,4063.06,-0.5553,DOWN,62.55,0.6075,1.0359
20260714 205946 153,4059.20,1,4058.20,4058.40,0.20,4055.00,1,4054.00,1,4052.80,1,4051.40,1,4051.30,1,4050.00,7,4049.80,1,4049.30,1,4049.20,8,4047.80,1,4060.30,1,4061.60,1,4061.80,1,4062.00,2,4062.40,1,4064.30,1,4065.00,4,4065.90,1,4066.30,1,4067.00,1,Sell,26,82,108,-56.00,11.00,-58.00,2.10,33.3,4059.20,4059.50,4057.40,4058.50,18,20,38,-2.00,3.00,-11.00,0.30,0.0,0,0,4.5000,0.0357,-43.00,-8.00,4063.06,-0.5553,DOWN,62.55,0.6075,1.0359
20260714 205946 180,4059.20,1,4058.20,4058.40,0.20,4055.00,1,4054.00,1,4052.80,1,4051.40,1,4051.30,1,4050.00,7,4049.80,1,4049.30,1,4049.20,8,4047.80,1,4060.30,1,4061.60,1,4061.80,1,4062.00,2,4062.40,1,4064.30,1,4065.00,4,4065.90,1,4066.30,1,4067.00,1,Sell,26,82,108,-56.00,11.00,-58.00,2.10,33.3,4059.20,4059.50,4057.40,4058.50,18,20,38,-2.00,3.00,-11.00,0.30,0.0,0,0,4.5000,0.0357,-43.00,-8.00,4063.06,-0.5553,DOWN,62.55,0.6075,1.0359
20260714 205946 208,4059.20,1,4058.20,4058.40,0.20,4055.00,1,4054.00,1,4052.80,1,4051.40,1,4051.30,1,4050.00,7,4049.80,1,4049.30,1,4049.20,8,4047.80,1,4060.30,1,4061.60,1,4061.80,1,4062.00,2,4062.40,1,4064.30,1,4065.00,4,4065.90,1,4066.30,1,4067.00,1,Sell,26,82,108,-56.00,11.00,-58.00,2.10,33.3,4059.20,4059.50,4057.40,4058.50,18,20,38,-2.00,3.00,-11.00,0.30,0.0,0,0,4.5000,0.0357,-43.00,-8.00,4063.06,-0.5553,DOWN,62.55,0.6075,1.0359
20260714 205946 208,4059.20,1,4058.20,4058.40,0.20,4055.00,1,4054.00,1,4052.80,1,4051.40,1,4051.30,1,4050.00,7,4049.80,1,4049.30,1,4049.20,8,4047.80,1,4060.30,1,4061.60,1,4061.80,1,4062.00,2,4062.40,1,4064.30,1,4065.00,4,4065.90,1,4066.30,1,4067.00,1,Sell,26,82,108,-56.00,11.00,-58.00,2.10,33.3,4059.20,4059.50,4057.40,4058.50,18,20,38,-2.00,3.00,-11.00,0.30,0.0,0,0,4.5000,0.0357,-43.00,-8.00,4063.06,-0.5553,DOWN,62.55,0.6075,1.0359
20260714 205946 380,4059.10,1,4058.20,4058.40,0.20,4055.00,1,4054.00,1,4052.80,1,4051.40,1,4051.30,1,4050.00,7,4049.80,1,4049.30,1,4049.20,8,4047.80,1,4060.30,1,4061.60,1,4061.80,1,4062.00,2,4062.40,1,4064.30,1,4065.00,4,4065.90,1,4066.30,1,4067.00,1,Sell,26,82,108,-56.00,11.00,-58.00,2.10,33.3,4059.20,4059.50,4057.40,4058.50,18,20,38,-2.00,3.00,-11.00,0.30,0.0,0,0,4.5000,0.0357,-43.00,-8.00,4063.06,-0.5553,DOWN,62.55,0.6075,1.0359
20260714 205946 380,4059.10,1,4058.20,4058.40,0.20,4055.00,1,4054.00,1,4052.80,1,4051.40,1,4051.30,1,4050.00,7,4049.80,1,4049.30,1,4049.20,8,4047.80,1,4060.30,1,4061.60,1,4061.80,1,4062.00,2,4062.40,1,4064.30,1,4065.00,4,4065.90,1,4066.30,1,4067.00,1,Sell,26,82,108,-56.00,11.00,-58.00,2.10,33.3,4059.20,4059.50,4057.40,4058.50,18,20,38,-2.00,3.00,-11.00,0.30,0.0,0,0,4.5000,0.0357,-43.00,-8.00,4063.06,-0.5553,DOWN,62.55,0.6075,1.0359
20260714 205946 380,4059.10,1,4058.20,4058.40,0.20,4055.00,1,4054.00,1,4052.80,1,4051.40,1,4051.30,1,4050.00,7,4049.80,1,4049.30,1,4049.20,8,4047.80,1,4060.30,1,4061.60,1,4061.80,1,4062.00,2,4062.40,1,4064.30,1,4065.00,4,4065.90,1,4066.30,1,4067.00,1,Sell,26,82,108,-56.00,11.00,-58.00,2.10,33.3,4059.20,4059.50,4057.40,4058.50,18,20,38,-2.00,3.00,-11.00,0.30,0.0,0,0,4.5000,0.0357,-43.00,-8.00,4063.06,-0.5553,DOWN,62.55,0.6075,1.0359
20260714 205946 380,4059.10,1,4058.20,4058.40,0.20,4055.00,1,4054.00,1,4052.80,1,4051.40,1,4051.30,1,4050.00,7,4049.80,1,4049.30,1,4049.20,8,4047.80,1,4060.30,1,4061.60,1,4061.80,1,4062.00,2,4062.40,1,4064.30,1,4065.00,4,4065.90,1,4066.30,1,4067.00,1,Sell,26,82,108,-56.00,11.00,-58.00,2.10,33.3,4059.20,4059.50,4057.40,4058.50,18,20,38,-2.00,3.00,-11.00,0.30,0.0,0,0,4.5000,0.0357,-43.00,-8.00,4063.06,-0.5553,DOWN,62.55,0.6075,1.0359
20260714 205946 390,4059.10,1,4058.20,4058.40,0.20,4055.00,1,4054.00,1,4052.80,1,4051.40,1,4051.30,1,4050.00,7,4049.80,1,4049.30,1,4049.20,8,4047.80,1,4060.30,1,4061.60,1,4061.80,1,4062.00,2,4062.40,1,4064.30,1,4065.00,4,4065.90,1,4066.30,1,4067.00,1,Sell,26,82,108,-56.00,11.00,-58.00,2.10,33.3,4059.20,4059.50,4057.40,4058.50,18,20,38,-2.00,3.00,-11.00,0.30,0.0,0,0,4.5000,0.0357,-43.00,-8.00,4063.06,-0.5553,DOWN,62.55,0.6075,1.0359
20260714 205947 312,4059.10,1,4058.20,4058.40,0.20,4055.00,1,4054.00,1,4052.80,1,4051.40,1,4051.30,1,4050.00,7,4049.80,1,4049.30,1,4049.20,8,4047.80,1,4060.30,1,4061.60,1,4061.80,1,4062.00,2,4062.40,1,4064.30,1,4065.00,4,4065.90,1,4066.30,1,4067.00,1,Sell,26,82,108,-56.00,11.00,-58.00,2.10,33.3,4059.20,4059.50,4057.40,4058.50,18,20,38,-2.00,3.00,-11.00,0.30,0.0,0,0,4.5000,0.0357,-43.00,-8.00,4063.06,-0.5553,DOWN,62.55,0.6075,1.0359
20260714 205947 815,4059.10,1,4058.20,4058.40,0.20,4055.00,1,4054.00,1,4052.80,1,4051.40,1,4051.30,1,4050.00,7,4049.80,1,4049.30,1,4049.20,8,4047.80,1,4060.30,1,4061.60,1,4061.80,1,4062.00,2,4062.40,1,4064.30,1,4065.00,4,4065.90,1,4066.30,1,4067.00,1,Sell,26,82,108,-56.00,11.00,-58.00,2.10,33.3,4059.20,4059.50,4057.40,4058.50,18,20,38,-2.00,3.00,-11.00,0.30,0.0,0,0,4.5000,0.0357,-43.00,-8.00,4063.06,-0.5553,DOWN,62.55,0.6075,1.0359
20260714 205947 822,4059.10,3,4058.20,4058.40,0.20,4055.00,1,4054.00,1,4052.80,1,4051.40,1,4051.30,1,4050.00,7,4049.80,1,4049.30,1,4049.20,8,4047.80,1,4060.30,1,4061.60,1,4061.80,1,4062.00,2,4062.40,1,4064.30,1,4065.00,4,4065.90,1,4066.30,1,4067.00,1,Sell,26,82,108,-56.00,11.00,-58.00,2.10,33.3,4059.20,4059.50,4057.40,4058.50,18,20,38,-2.00,3.00,-11.00,0.30,0.0,0,0,4.5000,0.0357,-43.00,-8.00,4063.06,-0.5553,DOWN,62.55,0.6075,1.0359
20260714 205947 826,4059.10,1,4058.20,4058.40,0.20,4055.00,1,4054.00,1,4052.80,1,4051.40,1,4051.30,1,4050.00,7,4049.80,1,4049.30,1,4049.20,8,4047.80,1,4060.30,1,4061.60,1,4061.80,1,4062.00,2,4062.40,1,4064.30,1,4065.00,4,4065.90,1,4066.30,1,4067.00,1,Sell,26,82,108,-56.00,11.00,-58.00,2.10,33.3,4059.20,4059.50,4057.40,4058.50,18,20,38,-2.00,3.00,-11.00,0.30,0.0,0,0,4.5000,0.0357,-43.00,-8.00,4063.06,-0.5553,DOWN,62.55,0.6075,1.0359
20260714 205947 929,4059.10,1,4058.20,4058.40,0.20,4055.00,1,4054.00,1,4052.80,1,4051.40,1,4051.30,1,4050.00,7,4049.80,1,4049.30,1,4049.20,8,4047.80,1,4060.30,1,4061.60,1,4061.80,1,4062.00,2,4062.40,1,4064.30,1,4065.00,4,4065.90,1,4066.30,1,4067.00,1,Sell,26,82,108,-56.00,11.00,-58.00,2.10,33.3,4059.20,4059.50,4057.40,4058.50,18,20,38,-2.00,3.00,-11.00,0.30,0.0,0,0,4.5000,0.0357,-43.00,-8.00,4063.06,-0.5553,DOWN,62.55,0.6075,1.0359
20260714 205948 030,4059.10,1,4058.20,4058.40,0.20,4055.00,1,4054.00,1,4052.80,1,4051.40,1,4051.30,1,4050.00,7,4049.80,1,4049.30,1,4049.20,8,4047.80,1,4060.30,1,4061.60,1,4061.80,1,4062.00,2,4062.40,1,4064.30,1,4065.00,4,4065.90,1,4066.30,1,4067.00,1,Sell,26,82,108,-56.00,11.00,-58.00,2.10,33.3,4059.20,4059.50,4057.40,4058.50,18,20,38,-2.00,3.00,-11.00,0.30,0.0,0,0,4.5000,0.0357,-43.00,-8.00,4063.06,-0.5553,DOWN,62.55,0.6075,1.0359
20260714 205948 130,4059.10,1,4058.20,4058.40,0.20,4055.00,1,4054.00,1,4052.80,1,4051.40,1,4051.30,1,4050.00,7,4049.80,1,4049.30,1,4049.20,8,4047.80,1,4060.30,1,4061.60,1,4061.80,1,4062.00,2,4062.40,1,4064.30,1,4065.00,4,4065.90,1,4066.30,1,4067.00,1,Sell,26,82,108,-56.00,11.00,-58.00,2.10,33.3,4059.20,4059.50,4057.40,4058.50,18,20,38,-2.00,3.00,-11.00,0.30,0.0,0,0,4.5000,0.0357,-43.00,-8.00,4063.06,-0.5553,DOWN,62.55,0.6075,1.0359
20260714 205948 231,4059.10,1,4058.20,4058.40,0.20,4055.00,1,4054.00,1,4052.80,1,4051.40,1,4051.30,1,4050.00,7,4049.80,1,4049.30,1,4049.20,8,4047.80,1,4060.30,1,4061.60,1,4061.80,1,4062.00,2,4062.40,1,4064.30,1,4065.00,4,4065.90,1,4066.30,1,4067.00,1,Sell,26,82,108,-56.00,11.00,-58.00,2.10,33.3,4059.20,4059.50,4057.40,4058.50,18,20,38,-2.00,3.00,-11.00,0.30,0.0,0,0,4.5000,0.0357,-43.00,-8.00,4063.06,-0.5553,DOWN,62.55,0.6075,1.0359
20260714 205948 340,4059.10,1,4058.20,4058.40,0.20,4055.00,1,4054.00,1,4052.80,1,4051.40,1,4051.30,1,4050.00,7,4049.80,1,4049.30,1,4049.20,8,4047.80,1,4060.30,1,4061.60,1,4061.80,1,4062.00,2,4062.40,1,4064.30,1,4065.00,4,4065.90,1,4066.30,1,4067.00,1,Sell,26,82,108,-56.00,11.00,-58.00,2.10,33.3,4059.20,4059.50,4057.40,4058.50,18,20,38,-2.00,3.00,-11.00,0.30,0.0,0,0,4.5000,0.0357,-43.00,-8.00,4063.06,-0.5553,DOWN,62.55,0.6075,1.0359
20260714 205948 815,4059.00,1,4058.20,4058.40,0.20,4055.00,1,4054.00,1,4052.80,1,4051.40,1,4051.30,1,4050.00,7,4049.80,1,4049.30,1,4049.20,8,4047.80,1,4060.30,1,4061.60,1,4061.80,1,4062.00,2,4062.40,1,4064.30,1,4065.00,4,4065.90,1,4066.30,1,4067.00,1,Sell,26,82,108,-56.00,11.00,-58.00,2.10,33.3,4059.20,4059.50,4057.40,4058.50,18,20,38,-2.00,3.00,-11.00,0.30,0.0,0,0,4.5000,0.0357,-43.00,-8.00,4063.06,-0.5553,DOWN,62.55,0.6075,1.0359
20260714 205948 815,4059.00,1,4058.20,4058.40,0.20,4055.00,1,4054.00,1,4052.80,1,4051.40,1,4051.30,1,4050.00,7,4049.80,1,4049.30,1,4049.20,8,4047.80,1,4060.30,1,4061.60,1,4061.80,1,4062.00,2,4062.40,1,4064.30,1,4065.00,4,4065.90,1,4066.30,1,4067.00,1,Sell,26,82,108,-56.00,11.00,-58.00,2.10,33.3,4059.20,4059.50,4057.40,4058.50,18,20,38,-2.00,3.00,-11.00,0.30,0.0,0,0,4.5000,0.0357,-43.00,-8.00,4063.06,-0.5553,DOWN,62.55,0.6075,1.0359
20260714 205949 702,4059.00,1,4058.20,4058.40,0.20,4055.00,1,4054.00,1,4052.80,1,4051.40,1,4051.30,1,4050.00,7,4049.80,1,4049.30,1,4049.20,8,4047.80,1,4060.30,1,4061.60,1,4061.80,1,4062.00,2,4062.40,1,4064.30,1,4065.00,4,4065.90,1,4066.30,1,4067.00,1,Sell,26,82,108,-56.00,11.00,-58.00,2.10,33.3,4059.20,4059.50,4057.40,4058.50,18,20,38,-2.00,3.00,-11.00,0.30,0.0,0,0,4.5000,0.0357,-43.00,-8.00,4063.06,-0.5553,DOWN,62.55,0.6075,1.0359
20260714 205950 123,4058.90,1,4058.20,4058.40,0.20,4055.00,1,4054.00,1,4052.80,1,4051.40,1,4051.30,1,4050.00,7,4049.80,1,4049.30,1,4049.20,8,4047.80,1,4060.30,1,4061.60,1,4061.80,1,4062.00,2,4062.40,1,4064.30,1,4065.00,4,4065.90,1,4066.30,1,4067.00,1,Sell,26,82,108,-56.00,11.00,-58.00,2.10,33.3,4059.20,4059.50,4057.40,4058.50,18,20,38,-2.00,3.00,-11.00,0.30,0.0,0,0,4.5000,0.0357,-43.00,-8.00,4063.06,-0.5553,DOWN,62.55,0.6075,1.0359
20260714 205950 123,4058.90,4,4058.20,4058.40,0.20,4055.00,1,4054.00,1,4052.80,1,4051.40,1,4051.30,1,4050.00,7,4049.80,1,4049.30,1,4049.20,8,4047.80,1,4060.30,1,4061.60,1,4061.80,1,4062.00,2,4062.40,1,4064.30,1,4065.00,4,4065.90,1,4066.30,1,4067.00,1,Sell,26,82,108,-56.00,11.00,-58.00,2.10,33.3,4059.20,4059.50,4057.40,4058.50,18,20,38,-2.00,3.00,-11.00,0.30,0.0,0,0,4.5000,0.0357,-43.00,-8.00,4063.06,-0.5553,DOWN,62.55,0.6075,1.0359
20260714 205950 609,4058.70,1,4058.20,4058.40,0.20,4055.00,1,4054.00,1,4052.80,1,4051.40,1,4051.30,1,4050.00,7,4049.80,1,4049.30,1,4049.20,8,4047.80,1,4060.30,1,4061.60,1,4061.80,1,4062.00,2,4062.40,1,4064.30,1,4065.00,4,4065.90,1,4066.30,1,4067.00,1,Sell,26,82,108,-56.00,11.00,-58.00,2.10,33.3,4059.20,4059.50,4057.40,4058.50,18,20,38,-2.00,3.00,-11.00,0.30,0.0,0,0,4.5000,0.0357,-43.00,-8.00,4063.06,-0.5553,DOWN,62.55,0.6075,1.0359
20260714 205954 907,4058.50,1,4058.20,4058.40,0.20,4055.00,1,4054.00,1,4052.80,1,4051.40,1,4051.30,1,4050.00,7,4049.80,1,4049.30,1,4049.20,8,4047.80,1,4060.30,1,4061.60,1,4061.80,1,4062.00,2,4062.40,1,4064.30,1,4065.00,4,4065.90,1,4066.30,1,4067.00,1,Sell,26,82,108,-56.00,11.00,-58.00,2.10,33.3,4059.20,4059.50,4057.40,4058.50,18,20,38,-2.00,3.00,-11.00,0.30,0.0,0,0,4.5000,0.0357,-43.00,-8.00,4063.06,-0.5553,DOWN,62.55,0.6075,1.0359
20260714 205955 339,4058.30,1,4058.20,4058.40,0.20,4055.00,1,4054.00,1,4052.80,1,4051.40,1,4051.30,1,4050.00,7,4049.80,1,4049.30,1,4049.20,8,4047.80,1,4060.30,1,4061.60,1,4061.80,1,4062.00,2,4062.40,1,4064.30,1,4065.00,4,4065.90,1,4066.30,1,4067.00,1,Sell,26,82,108,-56.00,11.00,-58.00,2.10,33.3,4059.20,4059.50,4057.40,4058.50,18,20,38,-2.00,3.00,-11.00,0.30,0.0,0,0,4.5000,0.0357,-43.00,-8.00,4063.06,-0.5553,DOWN,62.55,0.6075,1.0359
20260714 205955 346,4058.20,1,4058.20,4058.40,0.20,4055.00,1,4054.00,1,4052.80,1,4051.40,1,4051.30,1,4050.00,7,4049.80,1,4049.30,1,4049.20,8,4047.80,1,4060.30,1,4061.60,1,4061.80,1,4062.00,2,4062.40,1,4064.30,1,4065.00,4,4065.90,1,4066.30,1,4067.00,1,Sell,26,82,108,-56.00,11.00,-58.00,2.10,33.3,4059.20,4059.50,4057.40,4058.50,18,20,38,-2.00,3.00,-11.00,0.30,0.0,0,0,4.5000,0.0357,-43.00,-8.00,4063.06,-0.5553,DOWN,62.55,0.6075,1.0359
20260714 205955 346,4058.20,1,4058.20,4058.40,0.20,4055.00,1,4054.00,1,4052.80,1,4051.40,1,4051.30,1,4050.00,7,4049.80,1,4049.30,1,4049.20,8,4047.80,1,4060.30,1,4061.60,1,4061.80,1,4062.00,2,4062.40,1,4064.30,1,4065.00,4,4065.90,1,4066.30,1,4067.00,1,Sell,26,82,108,-56.00,11.00,-58.00,2.10,33.3,4059.20,4059.50,4057.40,4058.50,18,20,38,-2.00,3.00,-11.00,0.30,0.0,0,0,4.5000,0.0357,-43.00,-8.00,4063.06,-0.5553,DOWN,62.55,0.6075,1.0359
20260714 205955 498,4058.10,1,4058.20,4058.40,0.20,4055.00,1,4054.00,1,4052.80,1,4051.40,1,4051.30,1,4050.00,7,4049.80,1,4049.30,1,4049.20,8,4047.80,1,4060.30,1,4061.60,1,4061.80,1,4062.00,2,4062.40,1,4064.30,1,4065.00,4,4065.90,1,4066.30,1,4067.00,1,Sell,26,82,108,-56.00,11.00,-58.00,2.10,33.3,4059.20,4059.50,4057.40,4058.50,18,20,38,-2.00,3.00,-11.00,0.30,0.0,0,0,4.5000,0.0357,-43.00,-8.00,4063.06,-0.5553,DOWN,62.55,0.6075,1.0359
20260714 205955 503,4058.00,1,4058.20,4058.40,0.20,4055.00,1,4054.00,1,4052.80,1,4051.40,1,4051.30,1,4050.00,7,4049.80,1,4049.30,1,4049.20,8,4047.80,1,4060.30,1,4061.60,1,4061.80,1,4062.00,2,4062.40,1,4064.30,1,4065.00,4,4065.90,1,4066.30,1,4067.00,1,Sell,26,82,108,-56.00,11.00,-58.00,2.10,33.3,4059.20,4059.50,4057.40,4058.50,18,20,38,-2.00,3.00,-11.00,0.30,0.0,0,0,4.5000,0.0357,-43.00,-8.00,4063.06,-0.5553,DOWN,62.55,0.6075,1.0359
20260714 205956 263,4057.90,1,4058.20,4058.40,0.20,4055.00,1,4054.00,1,4052.80,1,4051.40,1,4051.30,1,4050.00,7,4049.80,1,4049.30,1,4049.20,8,4047.80,1,4060.30,1,4061.60,1,4061.80,1,4062.00,2,4062.40,1,4064.30,1,4065.00,4,4065.90,1,4066.30,1,4067.00,1,Buy,26,82,108,-56.00,11.00,-58.00,2.10,33.3,4059.20,4059.50,4057.40,4058.50,18,20,38,-2.00,3.00,-11.00,0.30,0.0,0,0,4.5000,0.0357,-43.00,-8.00,4063.06,-0.5553,DOWN,62.55,0.6075,1.0359
20260714 205956 774,4057.90,1,4058.20,4058.40,0.20,4055.00,1,4054.00,1,4052.80,1,4051.40,1,4051.30,1,4050.00,7,4049.80,1,4049.30,1,4049.20,8,4047.80,1,4060.30,1,4061.60,1,4061.80,1,4062.00,2,4062.40,1,4064.30,1,4065.00,4,4065.90,1,4066.30,1,4067.00,1,Sell,26,82,108,-56.00,11.00,-58.00,2.10,33.3,4059.20,4059.50,4057.40,4058.50,18,20,38,-2.00,3.00,-11.00,0.30,0.0,0,0,4.5000,0.0357,-43.00,-8.00,4063.06,-0.5553,DOWN,62.55,0.6075,1.0359
20260714 205957 261,4058.00,1,4058.20,4058.40,0.20,4055.00,1,4054.00,1,4052.80,1,4051.40,1,4051.30,1,4050.00,7,4049.80,1,4049.30,1,4049.20,8,4047.80,1,4060.30,1,4061.60,1,4061.80,1,4062.00,2,4062.40,1,4064.30,1,4065.00,4,4065.90,1,4066.30,1,4067.00,1,Sell,26,82,108,-56.00,11.00,-58.00,2.10,33.3,4059.20,4059.50,4057.40,4058.50,18,20,38,-2.00,3.00,-11.00,0.30,0.0,0,0,4.5000,0.0357,-43.00,-8.00,4063.06,-0.5553,DOWN,62.55,0.6075,1.0359
20260714 205957 774,4057.80,1,4058.20,4058.40,0.20,4055.00,1,4054.00,1,4052.80,1,4051.40,1,4051.30,1,4050.00,7,4049.80,1,4049.30,1,4049.20,8,4047.80,1,4060.30,1,4061.60,1,4061.80,1,4062.00,2,4062.40,1,4064.30,1,4065.00,4,4065.90,1,4066.30,1,4067.00,1,Sell,26,82,108,-56.00,11.00,-58.00,2.10,33.3,4059.20,4059.50,4057.40,4058.50,18,20,38,-2.00,3.00,-11.00,0.30,0.0,0,0,4.5000,0.0357,-43.00,-8.00,4063.06,-0.5553,DOWN,62.55,0.6075,1.0359
20260714 205957 774,4057.80,1,4058.20,4058.40,0.20,4055.00,1,4054.00,1,4052.80,1,4051.40,1,4051.30,1,4050.00,7,4049.80,1,4049.30,1,4049.20,8,4047.80,1,4060.30,1,4061.60,1,4061.80,1,4062.00,2,4062.40,1,4064.30,1,4065.00,4,4065.90,1,4066.30,1,4067.00,1,Sell,26,82,108,-56.00,11.00,-58.00,2.10,33.3,4059.20,4059.50,4057.40,4058.50,18,20,38,-2.00,3.00,-11.00,0.30,0.0,0,0,4.5000,0.0357,-43.00,-8.00,4063.06,-0.5553,DOWN,62.55,0.6075,1.0359
20260714 205957 774,4057.80,1,4058.20,4058.40,0.20,4055.00,1,4054.00,1,4052.80,1,4051.40,1,4051.30,1,4050.00,7,4049.80,1,4049.30,1,4049.20,8,4047.80,1,4060.30,1,4061.60,1,4061.80,1,4062.00,2,4062.40,1,4064.30,1,4065.00,4,4065.90,1,4066.30,1,4067.00,1,Sell,26,82,108,-56.00,11.00,-58.00,2.10,33.3,4059.20,4059.50,4057.40,4058.50,18,20,38,-2.00,3.00,-11.00,0.30,0.0,0,0,4.5000,0.0357,-43.00,-8.00,4063.06,-0.5553,DOWN,62.55,0.6075,1.0359
20260714 205957 776,4057.50,1,4058.20,4058.40,0.20,4055.00,1,4054.00,1,4052.80,1,4051.40,1,4051.30,1,4050.00,7,4049.80,1,4049.30,1,4049.20,8,4047.80,1,4060.30,1,4061.60,1,4061.80,1,4062.00,2,4062.40,1,4064.30,1,4065.00,4,4065.90,1,4066.30,1,4067.00,1,Sell,26,82,108,-56.00,11.00,-58.00,2.10,33.3,4059.20,4059.50,4057.40,4058.50,18,20,38,-2.00,3.00,-11.00,0.30,0.0,0,0,4.5000,0.0357,-43.00,-8.00,4063.06,-0.5553,DOWN,62.55,0.6075,1.0359
20260714 205957 776,4057.40,1,4058.20,4058.40,0.20,4055.00,1,4054.00,1,4052.80,1,4051.40,1,4051.30,1,4050.00,7,4049.80,1,4049.30,1,4049.20,8,4047.80,1,4060.30,1,4061.60,1,4061.80,1,4062.00,2,4062.40,1,4064.30,1,4065.00,4,4065.90,1,4066.30,1,4067.00,1,Sell,26,82,108,-56.00,11.00,-58.00,2.10,33.3,4059.20,4059.50,4057.40,4058.50,18,20,38,-2.00,3.00,-11.00,0.30,0.0,0,0,4.5000,0.0357,-43.00,-8.00,4063.06,-0.5553,DOWN,62.55,0.6075,1.0359
20260714 205959 893,4058.40,1,4058.20,4058.40,0.20,4055.00,1,4054.00,1,4052.80,1,4051.40,1,4051.30,1,4050.00,7,4049.80,1,4049.30,1,4049.20,8,4047.80,1,4060.30,1,4061.60,1,4061.80,1,4062.00,2,4062.40,1,4064.30,1,4065.00,4,4065.90,1,4066.30,1,4067.00,1,Buy,26,82,108,-56.00,11.00,-58.00,2.10,33.3,4059.20,4059.50,4057.40,4058.50,18,20,38,-2.00,3.00,-11.00,0.30,0.0,0,0,4.5000,0.0357,-43.00,-8.00,4063.06,-0.5553,DOWN,62.55,0.6075,1.0359
20260714 205959 893,4058.50,1,4058.20,4058.40,0.20,4055.00,1,4054.00,1,4052.80,1,4051.40,1,4051.30,1,4050.00,7,4049.80,1,4049.30,1,4049.20,8,4047.80,1,4060.30,1,4061.60,1,4061.80,1,4062.00,2,4062.40,1,4064.30,1,4065.00,4,4065.90,1,4066.30,1,4067.00,1,Buy,26,82,108,-56.00,11.00,-58.00,2.10,33.3,4059.20,4059.50,4057.40,4058.50,18,20,38,-2.00,3.00,-11.00,0.30,0.0,0,0,4.5000,0.0357,-43.00,-8.00,4063.06,-0.5553,DOWN,62.55,0.6075,1.0359
20260714 220000 343,4058.70,18,4067.70,4057.60,0.00,4067.70,5,4059.20,5,4059.10,5,4059.00,1,4058.90,1,4058.70,1,4058.40,1,4058.20,17,4056.50,1,4055.50,1,4057.60,1,4058.00,16,4058.20,1,4058.80,6,4060.30,1,4061.10,1,4061.60,2,4061.80,1,4062.00,2,4062.20,2,Buy,18,0,18,18.00,18.00,18.00,0.00,0.0,4058.70,4058.70,4058.70,4058.70,26,82,108,-56.00,11.00,-58.00,2.10,33.3,0,0,0.0357,0.0000,-18.00,20.00,4062.64,-0.5278,DOWN,97.00,1.1134,0.9762
20260714 220000 483,4058.40,1,4058.50,4058.70,0.20,4058.50,1,4058.40,1,4058.20,17,4056.50,1,4056.00,10,4055.50,1,4055.00,7,4054.50,2,4054.00,11,4052.30,1,4058.70,1,4058.80,1,4060.30,1,4060.90,3,4061.10,1,4061.60,2,4061.80,1,4062.00,12,4062.20,2,4062.30,1,Sell,18,1,19,17.00,18.00,17.00,0.30,100.0,4058.70,4058.70,4058.40,4058.40,26,82,108,-56.00,11.00,-58.00,2.10,33.3,0,0,0.0357,0.0588,-19.00,19.00,4062.62,-0.5373,DOWN,97.00,1.1134,0.9833
20260714 220000 483,4058.80,1,4058.50,4058.70,0.20,4058.50,1,4058.40,1,4058.20,17,4056.50,1,4056.00,10,4055.50,1,4055.00,7,4054.50,2,4054.00,11,4052.30,1,4058.70,1,4058.80,1,4060.30,1,4060.90,3,4061.10,1,4061.60,2,4061.80,1,4062.00,12,4062.20,2,4062.30,1,Buy,19,1,20,18.00,18.00,17.00,0.40,25.0,4058.70,4058.80,4058.40,4058.80,26,82,108,-56.00,11.00,-58.00,2.10,33.3,0,0,0.0357,0.0000,-18.00,20.00,4062.65,-0.5246,DOWN,97.00,1.1134,0.9905
20260714 220000 487,4058.80,5,4058.50,4058.70,0.20,4058.50,1,4058.40,1,4058.20,17,4056.50,1,4056.00,10,4055.50,1,4055.00,7,4054.50,2,4054.00,11,4052.30,1,4058.70,1,4058.80,1,4060.30,1,4060.90,3,4061.10,1,4061.60,2,4061.80,1,4062.00,12,4062.20,2,4062.30,1,Buy,24,1,25,23.00,23.00,17.00,0.40,25.0,4058.70,4058.80,4058.40,4058.80,26,82,108,-56.00,11.00,-58.00,2.10,33.3,0,0,0.0357,0.0000,-13.00,25.00,4062.65,-0.5246,DOWN,97.00,1.1134,0.9905
20260714 220000 547,4058.70,1,4059.50,4060.20,0.70,4058.90,1,4058.60,4,4058.50,4,4058.40,1,4058.30,2,4058.20,19,4056.70,50,4056.50,2,4056.30,5,4056.20,5,4060.10,1,4060.20,6,4060.30,2,4060.80,3,4061.00,1,4061.10,2,4061.60,3,4061.80,2,4062.00,12,4062.20,3,Buy,25,1,26,24.00,24.00,17.00,0.40,0.0,4058.70,4058.80,4058.40,4058.70,26,82,108,-56.00,11.00,-58.00,2.10,33.3,0,0,0.0357,0.0000,-12.00,26.00,4062.64,-0.5278,DOWN,97.00,1.1134,0.9905
20260714 220000 547,4058.80,1,4059.50,4060.20,0.70,4058.90,1,4058.60,4,4058.50,4,4058.40,1,4058.30,2,4058.20,19,4056.70,50,4056.50,2,4056.30,5,4056.20,5,4060.10,1,4060.20,6,4060.30,2,4060.80,3,4061.00,1,4061.10,2,4061.60,3,4061.80,2,4062.00,12,4062.20,3,Buy,26,1,27,25.00,25.00,17.00,0.40,25.0,4058.70,4058.80,4058.40,4058.80,26,82,108,-56.00,11.00,-58.00,2.10,33.3,0,0,0.0357,0.0000,-11.00,27.00,4062.65,-0.5246,DOWN,97.00,1.1134,0.9905
20260714 220000 550,4058.80,1,4059.50,4060.20,0.70,4058.90,1,4058.60,4,4058.50,4,4058.40,1,4058.30,2,4058.20,19,4056.70,50,4056.50,2,4056.30,5,4056.20,5,4060.10,1,4060.20,6,4060.30,2,4060.80,3,4061.00,1,4061.10,2,4061.60,3,4061.80,2,4062.00,12,4062.20,3,Buy,27,1,28,26.00,26.00,17.00,0.40,25.0,4058.70,4058.80,4058.40,4058.80,26,82,108,-56.00,11.00,-58.00,2.10,33.3,0,0,0.0357,0.0000,-10.00,28.00,4062.65,-0.5246,DOWN,97.00,1.1134,0.9905
20260714 220000 596,4060.10,1,4059.50,4060.20,0.70,4058.90,1,4058.60,4,4058.50,4,4058.40,1,4058.30,2,4058.20,19,4056.70,50,4056.50,2,4056.30,5,4056.20,5,4060.10,1,4060.20,6,4060.30,2,4060.80,3,4061.00,1,4061.10,2,4061.60,3,4061.80,2,4062.00,12,4062.20,3,Buy,28,1,29,27.00,27.00,17.00,1.70,82.4,4058.70,4060.10,4058.40,4060.10,26,82,108,-56.00,11.00,-58.00,2.10,33.3,0,0,0.0357,0.0000,-9.00,29.00,4062.78,-0.4834,DOWN,97.00,1.1134,1.0833
20260714 220000 596,4060.10,1,4059.50,4060.20,0.70,4058.90,1,4058.60,4,4058.50,4,4058.40,1,4058.30,2,4058.20,19,4056.70,50,4056.50,2,4056.30,5,4056.20,5,4060.10,1,4060.20,6,4060.30,2,4060.80,3,4061.00,1,4061.10,2,4061.60,3,4061.80,2,4062.00,12,4062.20,3,Buy,29,1,30,28.00,28.00,17.00,1.70,82.4,4058.70,4060.10,4058.40,4060.10,26,82,108,-56.00,11.00,-58.00,2.10,33.3,0,0,0.0357,0.0000,-8.00,30.00,4062.78,-0.4834,DOWN,97.00,1.1134,1.0833
20260714 220000 596,4060.10,1,4059.50,4060.20,0.70,4058.90,1,4058.60,4,4058.50,4,4058.40,1,4058.30,2,4058.20,19,4056.70,50,4056.50,2,4056.30,5,4056.20,5,4060.10,1,4060.20,6,4060.30,2,4060.80,3,4061.00,1,4061.10,2,4061.60,3,4061.80,2,4062.00,12,4062.20,3,Buy,30,1,31,29.00,29.00,17.00,1.70,82.4,4058.70,4060.10,4058.40,4060.10,26,82,108,-56.00,11.00,-58.00,2.10,33.3,0,0,0.0357,0.0000,-7.00,31.00,4062.78,-0.4834,DOWN,97.00,1.1134,1.0833
20260714 220000 596,4060.20,1,4059.50,4060.20,0.70,4058.90,1,4058.60,4,4058.50,4,4058.40,1,4058.30,2,4058.20,19,4056.70,50,4056.50,2,4056.30,5,4056.20,5,4060.10,1,4060.20,6,4060.30,2,4060.80,3,4061.00,1,4061.10,2,4061.60,3,4061.80,2,4062.00,12,4062.20,3,Buy,31,1,32,30.00,30.00,17.00,1.80,83.3,4058.70,4060.20,4058.40,4060.20,26,82,108,-56.00,11.00,-58.00,2.10,33.3,0,0,0.0357,0.0000,-6.00,32.00,4062.79,-0.4802,DOWN,97.00,1.1134,1.0905
20260714 220000 596,4060.20,1,4059.50,4060.20,0.70,4058.90,1,4058.60,4,4058.50,4,4058.40,1,4058.30,2,4058.20,19,4056.70,50,4056.50,2,4056.30,5,4056.20,5,4060.10,1,4060.20,6,4060.30,2,4060.80,3,4061.00,1,4061.10,2,4061.60,3,4061.80,2,4062.00,12,4062.20,3,Buy,32,1,33,31.00,31.00,17.00,1.80,83.3,4058.70,4060.20,4058.40,4060.20,26,82,108,-56.00,11.00,-58.00,2.10,33.3,0,0,0.0357,0.0000,-5.00,33.00,4062.79,-0.4802,DOWN,97.00,1.1134,1.0905
20260714 220000 596,4060.20,1,4059.50,4060.20,0.70,4058.90,1,4058.60,4,4058.50,4,4058.40,1,4058.30,2,4058.20,19,4056.70,50,4056.50,2,4056.30,5,4056.20,5,4060.10,1,4060.20,6,4060.30,2,4060.80,3,4061.00,1,4061.10,2,4061.60,3,4061.80,2,4062.00,12,4062.20,3,Buy,33,1,34,32.00,32.00,17.00,1.80,83.3,4058.70,4060.20,4058.40,4060.20,26,82,108,-56.00,11.00,-58.00,2.10,33.3,0,0,0.0357,0.0000,-4.00,34.00,4062.79,-0.4802,DOWN,97.00,1.1134,1.0905
20260714 220000 596,4060.20,1,4059.50,4060.20,0.70,4058.90,1,4058.60,4,4058.50,4,4058.40,1,4058.30,2,4058.20,19,4056.70,50,4056.50,2,4056.30,5,4056.20,5,4060.10,1,4060.20,6,4060.30,2,4060.80,3,4061.00,1,4061.10,2,4061.60,3,4061.80,2,4062.00,12,4062.20,3,Buy,34,1,35,33.00,33.00,17.00,1.80,83.3,4058.70,4060.20,4058.40,4060.20,26,82,108,-56.00,11.00,-58.00,2.10,33.3,0,0,0.0357,0.0000,-3.00,35.00,4062.79,-0.4802,DOWN,97.00,1.1134,1.0905
20260714 220000 596,4060.20,1,4059.50,4060.20,0.70,4058.90,1,4058.60,4,4058.50,4,4058.40,1,4058.30,2,4058.20,19,4056.70,50,4056.50,2,4056.30,5,4056.20,5,4060.10,1,4060.20,6,4060.30,2,4060.80,3,4061.00,1,4061.10,2,4061.60,3,4061.80,2,4062.00,12,4062.20,3,Buy,35,1,36,34.00,34.00,17.00,1.80,83.3,4058.70,4060.20,4058.40,4060.20,26,82,108,-56.00,11.00,-58.00,2.10,33.3,0,0,0.0357,0.0000,-2.00,36.00,4062.79,-0.4802,DOWN,97.00,1.1134,1.0905
20260714 220000 598,4060.20,1,4059.50,4060.20,0.70,4058.90,1,4058.60,4,4058.50,4,4058.40,1,4058.30,2,4058.20,19,4056.70,50,4056.50,2,4056.30,5,4056.20,5,4060.10,1,4060.20,6,4060.30,2,4060.80,3,4061.00,1,4061.10,2,4061.60,3,4061.80,2,4062.00,12,4062.20,3,Buy,36,1,37,35.00,35.00,17.00,1.80,83.3,4058.70,4060.20,4058.40,4060.20,26,82,108,-56.00,11.00,-58.00,2.10,33.3,0,0,0.0357,0.0000,-1.00,37.00,4062.79,-0.4802,DOWN,97.00,1.1134,1.0905
20260714 220000 622,4059.50,1,4058.80,4059.20,0.40,4058.80,4,4058.70,2,4058.60,2,4058.30,2,4058.20,18,4058.00,5,4057.90,5,4057.80,5,4057.70,5,4057.60,5,4059.20,2,4059.30,2,4059.50,2,4059.60,3,4059.70,4,4059.80,3,4059.90,2,4060.00,2,4060.30,2,4060.40,1,Sell,36,2,38,34.00,35.00,17.00,1.80,44.4,4058.70,4060.20,4058.40,4059.50,26,82,108,-56.00,11.00,-58.00,2.10,33.3,0,0,0.0357,0.0294,-2.00,36.00,4062.72,-0.5024,DOWN,97.00,1.1134,1.0905
20260714 220000 622,4059.50,1,4058.80,4059.20,0.40,4058.80,4,4058.70,2,4058.60,2,4058.30,2,4058.20,18,4058.00,5,4057.90,5,4057.80,5,4057.70,5,4057.60,5,4059.20,2,4059.30,2,4059.50,2,4059.60,3,4059.70,4,4059.80,3,4059.90,2,4060.00,2,4060.30,2,4060.40,1,Sell,36,3,39,33.00,35.00,17.00,1.80,44.4,4058.70,4060.20,4058.40,4059.50,26,82,108,-56.00,11.00,-58.00,2.10,33.3,0,0,0.0357,0.0606,-3.00,35.00,4062.72,-0.5024,DOWN,97.00,1.1134,1.0905
20260714 220000 622,4059.50,1,4058.80,4059.20,0.40,4058.80,4,4058.70,2,4058.60,2,4058.30,2,4058.20,18,4058.00,5,4057.90,5,4057.80,5,4057.70,5,4057.60,5,4059.20,2,4059.30,2,4059.50,2,4059.60,3,4059.70,4,4059.80,3,4059.90,2,4060.00,2,4060.30,2,4060.40,1,Sell,36,4,40,32.00,35.00,17.00,1.80,44.4,4058.70,4060.20,4058.40,4059.50,26,82,108,-56.00,11.00,-58.00,2.10,33.3,0,0,0.0357,0.0938,-4.00,34.00,4062.72,-0.5024,DOWN,97.00,1.1134,1.0905
20260714 220000 622,4059.50,1,4058.80,4059.20,0.40,4058.80,4,4058.70,2,4058.60,2,4058.30,2,4058.20,18,4058.00,5,4057.90,5,4057.80,5,4057.70,5,4057.60,5,4059.20,2,4059.30,2,4059.50,2,4059.60,3,4059.70,4,4059.80,3,4059.90,2,4060.00,2,4060.30,2,4060.40,1,Sell,36,5,41,31.00,35.00,17.00,1.80,44.4,4058.70,4060.20,4058.40,4059.50,26,82,108,-56.00,11.00,-58.00,2.10,33.3,0,0,0.0357,0.1290,-5.00,33.00,4062.72,-0.5024,DOWN,97.00,1.1134,1.0905
20260714 220000 625,4059.50,1,4058.80,4059.20,0.40,4058.80,4,4058.70,2,4058.60,2,4058.30,2,4058.20,18,4058.00,5,4057.90,5,4057.80,5,4057.70,5,4057.60,5,4059.20,2,4059.30,2,4059.50,2,4059.60,3,4059.70,4,4059.80,3,4059.90,2,4060.00,2,4060.30,2,4060.40,1,Sell,36,6,42,30.00,35.00,17.00,1.80,44.4,4058.70,4060.20,4058.40,4059.50,26,82,108,-56.00,11.00,-58.00,2.10,33.3,0,0,0.0357,0.1667,-6.00,32.00,4062.72,-0.5024,DOWN,97.00,1.1134,1.0905
20260714 220000 630,4059.60,1,4058.80,4059.20,0.40,4058.80,4,4058.70,2,4058.60,2,4058.30,2,4058.20,18,4058.00,5,4057.90,5,4057.80,5,4057.70,5,4057.60,5,4059.20,2,4059.30,2,4059.50,2,4059.60,3,4059.70,4,4059.80,3,4059.90,2,4060.00,2,4060.30,2,4060.40,1,Sell,36,7,43,29.00,35.00,17.00,1.80,50.0,4058.70,4060.20,4058.40,4059.60,26,82,108,-56.00,11.00,-58.00,2.10,33.3,0,0,0.0357,0.2069,-7.00,31.00,4062.73,-0.4992,DOWN,97.00,1.1134,1.0905
20260714 220000 630,4059.50,1,4058.80,4059.20,0.40,4058.80,4,4058.70,2,4058.60,2,4058.30,2,4058.20,18,4058.00,5,4057.90,5,4057.80,5,4057.70,5,4057.60,5,4059.20,2,4059.30,2,4059.50,2,4059.60,3,4059.70,4,4059.80,3,4059.90,2,4060.00,2,4060.30,2,4060.40,1,Sell,36,8,44,28.00,35.00,17.00,1.80,44.4,4058.70,4060.20,4058.40,4059.50,26,82,108,-56.00,11.00,-58.00,2.10,33.3,0,0,0.0357,0.2500,-8.00,30.00,4062.72,-0.5024,DOWN,97.00,1.1134,1.0905
20260714 220000 647,4059.60,1,4058.80,4059.20,0.40,4058.80,4,4058.70,2,4058.60,2,4058.30,2,4058.20,18,4058.00,5,4057.90,5,4057.80,5,4057.70,5,4057.60,5,4059.20,2,4059.30,2,4059.50,2,4059.60,3,4059.70,4,4059.80,3,4059.90,2,4060.00,2,4060.30,2,4060.40,1,Sell,36,9,45,27.00,35.00,17.00,1.80,50.0,4058.70,4060.20,4058.40,4059.60,26,82,108,-56.00,11.00,-58.00,2.10,33.3,0,0,0.0357,0.2963,-9.00,29.00,4062.73,-0.4992,DOWN,97.00,1.1134,1.0905
20260714 220000 647,4059.50,1,4058.80,4059.20,0.40,4058.80,4,4058.70,2,4058.60,2,4058.30,2,4058.20,18,4058.00,5,4057.90,5,4057.80,5,4057.70,5,4057.60,5,4059.20,2,4059.30,2,4059.50,2,4059.60,3,4059.70,4,4059.80,3,4059.90,2,4060.00,2,4060.30,2,4060.40,1,Sell,36,10,46,26.00,35.00,17.00,1.80,44.4,4058.70,4060.20,4058.40,4059.50,26,82,108,-56.00,11.00,-58.00,2.10,33.3,0,0,0.0357,0.3462,-10.00,28.00,4062.72,-0.5024,DOWN,97.00,1.1134,1.0905
20260714 220000 647,4059.50,1,4058.80,4059.20,0.40,4058.80,4,4058.70,2,4058.60,2,4058.30,2,4058.20,18,4058.00,5,4057.90,5,4057.80,5,4057.70,5,4057.60,5,4059.20,2,4059.30,2,4059.50,2,4059.60,3,4059.70,4,4059.80,3,4059.90,2,4060.00,2,4060.30,2,4060.40,1,Sell,36,11,47,25.00,35.00,17.00,1.80,44.4,4058.70,4060.20,4058.40,4059.50,26,82,108,-56.00,11.00,-58.00,2.10,33.3,0,0,0.0357,0.4000,-11.00,27.00,4062.72,-0.5024,DOWN,97.00,1.1134,1.0905
20260714 220000 651,4059.40,1,4058.80,4059.20,0.40,4058.80,4,4058.70,2,4058.60,2,4058.30,2,4058.20,18,4058.00,5,4057.90,5,4057.80,5,4057.70,5,4057.60,5,4059.20,2,4059.30,2,4059.50,2,4059.60,3,4059.70,4,4059.80,3,4059.90,2,4060.00,2,4060.30,2,4060.40,1,Sell,36,12,48,24.00,35.00,17.00,1.80,38.9,4058.70,4060.20,4058.40,4059.40,26,82,108,-56.00,11.00,-58.00,2.10,33.3,0,0,0.0357,0.4583,-12.00,26.00,4062.71,-0.5056,DOWN,97.00,1.1134,1.0905
20260714 220000 652,4059.30,1,4058.80,4059.20,0.40,4058.80,4,4058.70,2,4058.60,2,4058.30,2,4058.20,18,4058.00,5,4057.90,5,4057.80,5,4057.70,5,4057.60,5,4059.20,2,4059.30,2,4059.50,2,4059.60,3,4059.70,4,4059.80,3,4059.90,2,4060.00,2,4060.30,2,4060.40,1,Sell,36,13,49,23.00,35.00,17.00,1.80,33.3,4058.70,4060.20,4058.40,4059.30,26,82,108,-56.00,11.00,-58.00,2.10,33.3,0,0,0.0357,0.5217,-13.00,25.00,4062.70,-0.5087,DOWN,97.00,1.1134,1.0905
20260714 220000 654,4059.10,1,4058.80,4059.20,0.40,4058.80,4,4058.70,2,4058.60,2,4058.30,2,4058.20,18,4058.00,5,4057.90,5,4057.80,5,4057.70,5,4057.60,5,4059.20,2,4059.30,2,4059.50,2,4059.60,3,4059.70,4,4059.80,3,4059.90,2,4060.00,2,4060.30,2,4060.40,1,Sell,36,14,50,22.00,35.00,17.00,1.80,22.2,4058.70,4060.20,4058.40,4059.10,26,82,108,-56.00,11.00,-58.00,2.10,33.3,0,0,0.0357,0.5909,-14.00,24.00,4062.68,-0.5151,DOWN,97.00,1.1134,1.0905
20260714 220000 654,4059.10,1,4058.80,4059.20,0.40,4058.80,4,4058.70,2,4058.60,2,4058.30,2,4058.20,18,4058.00,5,4057.90,5,4057.80,5,4057.70,5,4057.60,5,4059.20,2,4059.30,2,4059.50,2,4059.60,3,4059.70,4,4059.80,3,4059.90,2,4060.00,2,4060.30,2,4060.40,1,Sell,36,15,51,21.00,35.00,17.00,1.80,22.2,4058.70,4060.20,4058.40,4059.10,26,82,108,-56.00,11.00,-58.00,2.10,33.3,0,0,0.0357,0.6667,-15.00,23.00,4062.68,-0.5151,DOWN,97.00,1.1134,1.0905
20260714 220000 668,4058.90,1,4058.80,4059.20,0.40,4058.80,4,4058.70,2,4058.60,2,4058.30,2,4058.20,18,4058.00,5,4057.90,5,4057.80,5,4057.70,5,4057.60,5,4059.20,2,4059.30,2,4059.50,2,4059.60,3,4059.70,4,4059.80,3,4059.90,2,4060.00,2,4060.30,2,4060.40,1,Sell,36,16,52,20.00,35.00,17.00,1.80,11.1,4058.70,4060.20,4058.40,4058.90,26,82,108,-56.00,11.00,-58.00,2.10,33.3,0,0,0.0357,0.7500,-16.00,22.00,4062.66,-0.5214,DOWN,97.00,1.1134,1.0905
20260714 220000 669,4058.80,1,4058.80,4059.20,0.40,4058.80,4,4058.70,2,4058.60,2,4058.30,2,4058.20,18,4058.00,5,4057.90,5,4057.80,5,4057.70,5,4057.60,5,4059.20,2,4059.30,2,4059.50,2,4059.60,3,4059.70,4,4059.80,3,4059.90,2,4060.00,2,4060.30,2,4060.40,1,Sell,36,17,53,19.00,35.00,17.00,1.80,5.6,4058.70,4060.20,4058.40,4058.80,26,82,108,-56.00,11.00,-58.00,2.10,33.3,0,0,0.0357,0.8421,-17.00,21.00,4062.65,-0.5246,DOWN,97.00,1.1134,1.0905
20260714 220000 669,4058.80,1,4058.80,4059.20,0.40,4058.80,4,4058.70,2,4058.60,2,4058.30,2,4058.20,18,4058.00,5,4057.90,5,4057.80,5,4057.70,5,4057.60,5,4059.20,2,4059.30,2,4059.50,2,4059.60,3,4059.70,4,4059.80,3,4059.90,2,4060.00,2,4060.30,2,4060.40,1,Sell,36,18,54,18.00,35.00,17.00,1.80,5.6,4058.70,4060.20,4058.40,4058.80,26,82,108,-56.00,11.00,-58.00,2.10,33.3,0,0,0.0357,0.9444,-18.00,20.00,4062.65,-0.5246,DOWN,97.00,1.1134,1.0905
20260714 220000 669,4058.80,1,4058.80,4059.20,0.40,4058.80,4,4058.70,2,4058.60,2,4058.30,2,4058.20,18,4058.00,5,4057.90,5,4057.80,5,4057.70,5,4057.60,5,4059.20,2,4059.30,2,4059.50,2,4059.60,3,4059.70,4,4059.80,3,4059.90,2,4060.00,2,4060.30,2,4060.40,1,Sell,36,19,55,17.00,35.00,17.00,1.80,5.6,4058.70,4060.20,4058.40,4058.80,26,82,108,-56.00,11.00,-58.00,2.10,33.3,0,0,0.0357,1.0588,-19.00,19.00,4062.65,-0.5246,DOWN,97.00,1.1134,1.0905
20260714 220000 953,4058.30,1,4058.20,4059.00,0.80,4058.80,2,4058.70,1,4058.60,1,4058.30,2,4058.20,18,4058.00,5,4057.90,5,4057.80,5,4057.70,5,4057.60,5,4059.20,3,4059.30,2,4059.50,2,4059.60,3,4059.70,4,4059.80,3,4059.90,3,4060.00,2,4060.30,2,4060.40,1,Sell,36,20,56,16.00,35.00,16.00,1.90,21.1,4058.70,4060.20,4058.30,4058.30,26,82,108,-56.00,11.00,-58.00,2.10,33.3,0,0,0.0357,1.1875,-20.00,18.00,4062.61,-0.5405,DOWN,97.00,1.1134,1.0976
20260714 220000 962,4058.20,1,4058.20,4059.00,0.80,4058.80,2,4058.70,1,4058.60,1,4058.30,2,4058.20,18,4058.00,5,4057.90,5,4057.80,5,4057.70,5,4057.60,5,4059.20,3,4059.30,2,4059.50,2,4059.60,3,4059.70,4,4059.80,3,4059.90,3,4060.00,2,4060.30,2,4060.40,1,Sell,36,21,57,15.00,35.00,15.00,2.00,25.0,4058.70,4060.20,4058.20,4058.20,26,82,108,-56.00,11.00,-58.00,2.10,33.3,0,0,0.0357,1.3333,-21.00,17.00,4062.60,-0.5437,DOWN,97.00,1.1134,1.1048
20260714 220000 964,4058.20,3,4058.50,4059.30,0.80,4058.50,2,4058.30,2,4058.20,14,4057.30,2,4057.20,2,4057.10,1,4057.00,1,4056.90,3,4056.80,1,4056.70,1,4059.30,1,4059.40,3,4059.50,2,4059.60,3,4059.70,4,4059.80,3,4059.90,3,4060.00,2,4060.30,2,4060.40,2,Sell,36,24,60,12.00,35.00,12.00,2.00,25.0,4058.70,4060.20,4058.20,4058.20,26,82,108,-56.00,11.00,-58.00,2.10,33.3,0,0,0.0357,1.9167,-24.00,14.00,4062.60,-0.5437,DOWN,97.00,1.1134,1.1048
20260714 220000 971,4058.70,1,4058.50,4059.30,0.80,4058.50,2,4058.30,2,4058.20,14,4057.30,2,4057.20,2,4057.10,1,4057.00,1,4056.90,3,4056.80,1,4056.70,1,4059.30,1,4059.40,3,4059.50,2,4059.60,3,4059.70,4,4059.80,3,4059.90,3,4060.00,2,4060.30,2,4060.40,2,Buy,37,24,61,13.00,35.00,12.00,2.00,0.0,4058.70,4060.20,4058.20,4058.70,26,82,108,-56.00,11.00,-58.00,2.10,33.3,0,0,0.0357,1.6923,-23.00,15.00,4062.64,-0.5278,DOWN,97.00,1.1134,1.1048
20260714 220001 004,4059.40,1,4058.50,4059.30,0.80,4058.50,2,4058.30,2,4058.20,14,4057.30,2,4057.20,2,4057.10,1,4057.00,1,4056.90,3,4056.80,1,4056.70,1,4059.30,1,4059.40,3,4059.50,2,4059.60,3,4059.70,4,4059.80,3,4059.90,3,4060.00,2,4060.30,2,4060.40,2,Buy,38,24,62,14.00,35.00,12.00,2.00,35.0,4058.70,4060.20,4058.20,4059.40,26,82,108,-56.00,11.00,-58.00,2.10,33.3,0,0,0.0357,1.5000,-22.00,16.00,4062.71,-0.5056,DOWN,97.00,1.1134,1.1048
20260714 220001 150,4058.70,1,4058.70,4059.40,0.70,4058.30,1,4058.20,14,4057.20,2,4057.00,6,4056.90,7,4056.80,5,4056.70,5,4056.50,2,4056.40,2,4056.30,7,4058.90,2,4059.00,2,4059.10,1,4059.20,3,4059.30,2,4059.70,4,4059.80,3,4059.90,4,4060.00,3,4060.10,1,Sell,38,25,63,13.00,35.00,12.00,2.00,0.0,4058.70,4060.20,4058.20,4058.70,26,82,108,-56.00,11.00,-58.00,2.10,33.3,0,0,0.0357,1.6923,-23.00,15.00,4062.64,-0.5278,DOWN,97.00,1.1134,1.1048
20260714 220001 340,4058.90,1,4058.60,4059.30,0.70,4058.60,2,4058.30,2,4058.20,14,4057.20,2,4057.00,2,4056.90,7,4056.80,5,4056.70,5,4056.60,2,4056.50,2,4059.30,2,4059.40,2,4059.60,1,4059.70,4,4059.80,3,4059.90,3,4060.00,2,4060.30,2,4060.40,2,4060.50,1,Buy,39,25,64,14.00,35.00,12.00,2.00,10.0,4058.70,4060.20,4058.20,4058.90,26,82,108,-56.00,11.00,-58.00,2.10,33.3,0,0,0.0357,1.5000,-22.00,16.00,4062.66,-0.5214,DOWN,97.00,1.1134,1.1048
20260714 220001 340,4058.90,1,4058.60,4059.30,0.70,4058.60,2,4058.30,2,4058.20,14,4057.20,2,4057.00,2,4056.90,7,4056.80,5,4056.70,5,4056.60,2,4056.50,2,4059.30,2,4059.40,2,4059.60,1,4059.70,4,4059.80,3,4059.90,3,4060.00,2,4060.30,2,4060.40,2,4060.50,1,Buy,40,25,65,15.00,35.00,12.00,2.00,10.0,4058.70,4060.20,4058.20,4058.90,26,82,108,-56.00,11.00,-58.00,2.10,33.3,0,0,0.0357,1.3333,-21.00,17.00,4062.66,-0.5214,DOWN,97.00,1.1134,1.1048
20260714 220001 361,4059.30,1,4058.60,4059.30,0.70,4058.60,2,4058.30,2,4058.20,14,4057.20,2,4057.00,2,4056.90,7,4056.80,5,4056.70,5,4056.60,2,4056.50,2,4059.30,2,4059.40,2,4059.60,1,4059.70,4,4059.80,3,4059.90,3,4060.00,2,4060.30,2,4060.40,2,4060.50,1,Buy,41,25,66,16.00,35.00,12.00,2.00,30.0,4058.70,4060.20,4058.20,4059.30,26,82,108,-56.00,11.00,-58.00,2.10,33.3,0,0,0.0357,1.1875,-20.00,18.00,4062.70,-0.5087,DOWN,97.00,1.1134,1.1048
20260714 220001 361,4059.30,1,4058.60,4059.30,0.70,4058.60,2,4058.30,2,4058.20,14,4057.20,2,4057.00,2,4056.90,7,4056.80,5,4056.70,5,4056.60,2,4056.50,2,4059.30,2,4059.40,2,4059.60,1,4059.70,4,4059.80,3,4059.90,3,4060.00,2,4060.30,2,4060.40,2,4060.50,1,Buy,42,25,67,17.00,35.00,12.00,2.00,30.0,4058.70,4060.20,4058.20,4059.30,26,82,108,-56.00,11.00,-58.00,2.10,33.3,0,0,0.0357,1.0588,-19.00,19.00,4062.70,-0.5087,DOWN,97.00,1.1134,1.1048
20260714 220001 361,4059.40,1,4058.60,4059.30,0.70,4058.60,2,4058.30,2,4058.20,14,4057.20,2,4057.00,2,4056.90,7,4056.80,5,4056.70,5,4056.60,2,4056.50,2,4059.30,2,4059.40,2,4059.60,1,4059.70,4,4059.80,3,4059.90,3,4060.00,2,4060.30,2,4060.40,2,4060.50,1,Buy,43,25,68,18.00,35.00,12.00,2.00,35.0,4058.70,4060.20,4058.20,4059.40,26,82,108,-56.00,11.00,-58.00,2.10,33.3,0,0,0.0357,0.9444,-18.00,20.00,4062.71,-0.5056,DOWN,97.00,1.1134,1.1048
20260714 220001 361,4059.40,1,4058.60,4059.30,0.70,4058.60,2,4058.30,2,4058.20,14,4057.20,2,4057.00,2,4056.90,7,4056.80,5,4056.70,5,4056.60,2,4056.50,2,4059.30,2,4059.40,2,4059.60,1,4059.70,4,4059.80,3,4059.90,3,4060.00,2,4060.30,2,4060.40,2,4060.50,1,Buy,44,25,69,19.00,35.00,12.00,2.00,35.0,4058.70,4060.20,4058.20,4059.40,26,82,108,-56.00,11.00,-58.00,2.10,33.3,0,0,0.0357,0.8421,-17.00,21.00,4062.71,-0.5056,DOWN,97.00,1.1134,1.1048
20260714 220001 614,4058.70,1,4058.90,4059.50,0.60,4058.90,5,4058.80,2,4058.70,1,4058.60,3,4058.10,3,4057.80,2,4057.60,4,4057.50,3,4057.40,1,4057.30,2,4059.50,2,4059.60,3,4059.70,3,4059.80,1,4059.90,3,4060.00,2,4060.30,2,4060.40,2,4060.80,8,4060.90,5,Sell,44,26,70,18.00,35.00,12.00,2.00,0.0,4058.70,4060.20,4058.20,4058.70,26,82,108,-56.00,11.00,-58.00,2.10,33.3,0,0,0.0357,0.9444,-18.00,20.00,4062.64,-0.5278,DOWN,97.00,1.1134,1.1048
20260714 220001 633,4059.20,1,4058.90,4059.50,0.60,4058.90,5,4058.80,2,4058.70,1,4058.60,3,4058.10,3,4057.80,2,4057.60,4,4057.50,3,4057.40,1,4057.30,2,4059.50,2,4059.60,3,4059.70,3,4059.80,1,4059.90,3,4060.00,2,4060.30,2,4060.40,2,4060.80,8,4060.90,5,Buy,45,26,71,19.00,35.00,12.00,2.00,25.0,4058.70,4060.20,4058.20,4059.20,26,82,108,-56.00,11.00,-58.00,2.10,33.3,0,0,0.0357,0.8421,-17.00,21.00,4062.69,-0.5119,DOWN,97.00,1.1134,1.1048
20260714 220001 633,4059.20,1,4058.90,4059.50,0.60,4058.90,5,4058.80,2,4058.70,1,4058.60,3,4058.10,3,4057.80,2,4057.60,4,4057.50,3,4057.40,1,4057.30,2,4059.50,2,4059.60,3,4059.70,3,4059.80,1,4059.90,3,4060.00,2,4060.30,2,4060.40,2,4060.80,8,4060.90,5,Buy,46,26,72,20.00,35.00,12.00,2.00,25.0,4058.70,4060.20,4058.20,4059.20,26,82,108,-56.00,11.00,-58.00,2.10,33.3,0,0,0.0357,0.7500,-16.00,22.00,4062.69,-0.5119,DOWN,97.00,1.1134,1.1048
20260714 220001 640,4058.50,1,4058.90,4059.50,0.60,4058.90,5,4058.80,2,4058.70,1,4058.60,3,4058.10,3,4057.80,2,4057.60,4,4057.50,3,4057.40,1,4057.30,2,4059.50,2,4059.60,3,4059.70,3,4059.80,1,4059.90,3,4060.00,2,4060.30,2,4060.40,2,4060.80,8,4060.90,5,Sell,46,27,73,19.00,35.00,12.00,2.00,10.0,4058.70,4060.20,4058.20,4058.50,26,82,108,-56.00,11.00,-58.00,2.10,33.3,0,0,0.0357,0.8421,-17.00,21.00,4062.62,-0.5341,DOWN,97.00,1.1134,1.1048
20260714 220001 640,4058.50,1,4058.90,4059.50,0.60,4058.90,5,4058.80,2,4058.70,1,4058.60,3,4058.10,3,4057.80,2,4057.60,4,4057.50,3,4057.40,1,4057.30,2,4059.50,2,4059.60,3,4059.70,3,4059.80,1,4059.90,3,4060.00,2,4060.30,2,4060.40,2,4060.80,8,4060.90,5,Sell,46,28,74,18.00,35.00,12.00,2.00,10.0,4058.70,4060.20,4058.20,4058.50,26,82,108,-56.00,11.00,-58.00,2.10,33.3,0,0,0.0357,0.9444,-18.00,20.00,4062.62,-0.5341,DOWN,97.00,1.1134,1.1048
20260714 220001 656,4059.40,1,4058.90,4059.50,0.60,4058.90,5,4058.80,2,4058.70,1,4058.60,3,4058.10,3,4057.80,2,4057.60,4,4057.50,3,4057.40,1,4057.30,2,4059.50,2,4059.60,3,4059.70,3,4059.80,1,4059.90,3,4060.00,2,4060.30,2,4060.40,2,4060.80,8,4060.90,5,Buy,47,28,75,19.00,35.00,12.00,2.00,35.0,4058.70,4060.20,4058.20,4059.40,26,82,108,-56.00,11.00,-58.00,2.10,33.3,0,0,0.0357,0.8421,-17.00,21.00,4062.71,-0.5056,DOWN,97.00,1.1134,1.1048
20260714 220001 872,4059.50,1,4058.90,4059.50,0.60,4058.90,3,4058.80,2,4058.70,1,4058.60,3,4058.10,3,4057.80,2,4057.60,4,4057.50,3,4057.40,1,4057.30,2,4059.50,2,4059.60,3,4059.70,3,4059.80,1,4059.90,3,4060.00,2,4060.30,2,4060.40,2,4060.80,3,4061.10,3,Buy,48,28,76,20.00,35.00,12.00,2.00,40.0,4058.70,4060.20,4058.20,4059.50,26,82,108,-56.00,11.00,-58.00,2.10,33.3,0,0,0.0357,0.7500,-16.00,22.00,4062.72,-0.5024,DOWN,97.00,1.1134,1.1048
20260714 220001 872,4059.50,1,4058.90,4059.50,0.60,4058.90,3,4058.80,2,4058.70,1,4058.60,3,4058.10,3,4057.80,2,4057.60,4,4057.50,3,4057.40,1,4057.30,2,4059.50,2,4059.60,3,4059.70,3,4059.80,1,4059.90,3,4060.00,2,4060.30,2,4060.40,2,4060.80,3,4061.10,3,Buy,49,28,77,21.00,35.00,12.00,2.00,40.0,4058.70,4060.20,4058.20,4059.50,26,82,108,-56.00,11.00,-58.00,2.10,33.3,0,0,0.0357,0.6667,-15.00,23.00,4062.72,-0.5024,DOWN,97.00,1.1134,1.1048
20260714 220001 872,4059.60,2,4058.90,4059.50,0.60,4058.90,3,4058.80,2,4058.70,1,4058.60,3,4058.10,3,4057.80,2,4057.60,4,4057.50,3,4057.40,1,4057.30,2,4059.50,2,4059.60,3,4059.70,3,4059.80,1,4059.90,3,4060.00,2,4060.30,2,4060.40,2,4060.80,3,4061.10,3,Buy,51,28,79,23.00,35.00,12.00,2.00,45.0,4058.70,4060.20,4058.20,4059.60,26,82,108,-56.00,11.00,-58.00,2.10,33.3,0,0,0.0357,0.5217,-13.00,25.00,4062.73,-0.4992,DOWN,97.00,1.1134,1.1048
20260714 220001 872,4059.60,1,4058.90,4059.50,0.60,4058.90,3,4058.80,2,4058.70,1,4058.60,3,4058.10,3,4057.80,2,4057.60,4,4057.50,3,4057.40,1,4057.30,2,4059.50,2,4059.60,3,4059.70,3,4059.80,1,4059.90,3,4060.00,2,4060.30,2,4060.40,2,4060.80,3,4061.10,3,Buy,52,28,80,24.00,35.00,12.00,2.00,45.0,4058.70,4060.20,4058.20,4059.60,26,82,108,-56.00,11.00,-58.00,2.10,33.3,0,0,0.0357,0.4583,-12.00,26.00,4062.73,-0.4992,DOWN,97.00,1.1134,1.1048
20260714 220001 872,4059.70,1,4058.90,4059.50,0.60,4058.90,3,4058.80,2,4058.70,1,4058.60,3,4058.10,3,4057.80,2,4057.60,4,4057.50,3,4057.40,1,4057.30,2,4059.50,2,4059.60,3,4059.70,3,4059.80,1,4059.90,3,4060.00,2,4060.30,2,4060.40,2,4060.80,3,4061.10,3,Buy,53,28,81,25.00,35.00,12.00,2.00,50.0,4058.70,4060.20,4058.20,4059.70,26,82,108,-56.00,11.00,-58.00,2.10,33.3,0,0,0.0357,0.4000,-11.00,27.00,4062.74,-0.4960,DOWN,97.00,1.1134,1.1048
20260714 220001 877,4059.60,1,4059.30,4060.10,0.80,4059.30,3,4059.10,1,4059.00,1,4058.90,3,4058.80,2,4058.10,3,4058.00,1,4057.90,1,4057.80,2,4057.60,4,4060.10,2,4060.20,4,4060.30,1,4060.40,2,4060.80,3,4061.10,4,4061.20,2,4061.40,2,4061.60,3,4061.80,2,Buy,54,28,82,26.00,35.00,12.00,2.00,45.0,4058.70,4060.20,4058.20,4059.60,26,82,108,-56.00,11.00,-58.00,2.10,33.3,0,0,0.0357,0.3462,-10.00,28.00,4062.73,-0.4992,DOWN,97.00,1.1134,1.1048
20260714 220001 899,4059.30,1,4059.40,4060.10,0.70,4059.40,1,4059.30,2,4059.20,1,4059.10,1,4058.90,3,4058.80,2,4058.10,3,4058.00,1,4057.90,1,4057.80,2,4060.10,2,4060.20,4,4060.30,1,4060.40,2,4060.80,3,4061.10,4,4061.20,2,4061.40,2,4061.60,3,4061.80,2,Sell,54,29,83,25.00,35.00,12.00,2.00,30.0,4058.70,4060.20,4058.20,4059.30,26,82,108,-56.00,11.00,-58.00,2.10,33.3,0,0,0.0357,0.4000,-11.00,27.00,4062.70,-0.5087,DOWN,97.00,1.1134,1.1048
20260714 220002 276,4059.30,1,4059.20,4060.00,0.80,4059.20,1,4059.10,2,4059.00,1,4058.90,3,4058.80,2,4058.20,3,4058.10,3,4058.00,1,4057.90,1,4057.80,2,4060.00,2,4060.10,3,4060.20,3,4060.30,1,4060.40,2,4060.80,3,4061.10,4,4061.20,2,4061.40,2,4061.60,3,Sell,54,30,84,24.00,35.00,12.00,2.00,30.0,4058.70,4060.20,4058.20,4059.30,26,82,108,-56.00,11.00,-58.00,2.10,33.3,0,0,0.0357,0.4583,-12.00,26.00,4062.70,-0.5087,DOWN,97.00,1.1134,1.1048
20260714 220002 356,4059.40,2,4059.10,4059.40,0.30,4059.10,1,4059.00,5,4058.90,2,4058.80,2,4058.40,2,4058.10,4,4058.00,1,4057.90,1,4057.80,2,4057.60,6,4059.70,1,4059.80,2,4059.90,5,4060.00,3,4060.20,1,4060.30,1,4060.40,2,4060.80,3,4060.90,1,4061.00,1,Buy,56,30,86,26.00,35.00,12.00,2.00,35.0,4058.70,4060.20,4058.20,4059.40,26,82,108,-56.00,11.00,-58.00,2.10,33.3,0,0,0.0357,0.3462,-10.00,28.00,4062.71,-0.5056,DOWN,97.00,1.1134,1.1048
20260714 220003 027,4059.70,1,4058.90,4059.70,0.80,4058.90,5,4058.80,2,4058.30,1,4058.20,2,4058.10,3,4057.80,2,4057.70,5,4057.60,4,4057.50,3,4057.40,3,4059.70,2,4059.80,3,4059.90,5,4060.00,3,4060.20,1,4060.30,1,4060.40,2,4060.80,3,4060.90,1,4061.00,1,Buy,57,30,87,27.00,35.00,12.00,2.00,50.0,4058.70,4060.20,4058.20,4059.70,26,82,108,-56.00,11.00,-58.00,2.10,33.3,0,0,0.0357,0.2963,-9.00,29.00,4062.74,-0.4960,DOWN,97.00,1.1134,1.1048
20260714 220003 204,4059.30,1,4058.90,4059.40,0.50,4058.90,2,4058.80,3,4058.60,1,4058.50,2,4058.10,3,4057.80,2,4057.60,4,4057.50,3,4057.40,1,4057.30,2,4059.50,1,4059.60,2,4059.70,3,4059.80,3,4059.90,2,4060.00,3,4060.20,1,4060.30,1,4060.40,2,4060.80,4,Buy,58,30,88,28.00,35.00,12.00,2.00,30.0,4058.70,4060.20,4058.20,4059.30,26,82,108,-56.00,11.00,-58.00,2.10,33.3,0,0,0.0357,0.2500,-8.00,30.00,4062.70,-0.5087,DOWN,97.00,1.1134,1.1048
20260714 220003 213,4059.40,1,4058.90,4059.40,0.50,4058.90,2,4058.80,3,4058.60,1,4058.50,2,4058.10,3,4057.80,2,4057.60,4,4057.50,3,4057.40,1,4057.30,2,4059.50,1,4059.60,2,4059.70,3,4059.80,3,4059.90,2,4060.00,3,4060.20,1,4060.30,1,4060.40,2,4060.80,4,Buy,59,30,89,29.00,35.00,12.00,2.00,35.0,4058.70,4060.20,4058.20,4059.40,26,82,108,-56.00,11.00,-58.00,2.10,33.3,0,0,0.0357,0.2069,-7.00,31.00,4062.71,-0.5056,DOWN,97.00,1.1134,1.1048
20260714 220003 619,4059.40,1,4059.40,4059.90,0.50,4058.90,7,4058.80,2,4058.20,4,4058.10,3,4057.80,3,4057.70,1,4057.60,4,4057.50,3,4057.40,3,4057.30,2,4059.70,3,4059.80,3,4059.90,2,4060.00,6,4060.20,1,4060.30,1,4060.40,2,4060.80,4,4060.90,1,4061.00,1,Sell,59,31,90,28.00,35.00,12.00,2.00,35.0,4058.70,4060.20,4058.20,4059.40,26,82,108,-56.00,11.00,-58.00,2.10,33.3,0,0,0.0357,0.2500,-8.00,30.00,4062.71,-0.5056,DOWN,97.00,1.1134,1.1048
20260714 220003 619,4059.40,1,4059.40,4059.90,0.50,4058.90,7,4058.80,2,4058.20,4,4058.10,3,4057.80,3,4057.70,1,4057.60,4,4057.50,3,4057.40,3,4057.30,2,4059.70,3,4059.80,3,4059.90,2,4060.00,6,4060.20,1,4060.30,1,4060.40,2,4060.80,4,4060.90,1,4061.00,1,Sell,59,32,91,27.00,35.00,12.00,2.00,35.0,4058.70,4060.20,4058.20,4059.40,26,82,108,-56.00,11.00,-58.00,2.10,33.3,0,0,0.0357,0.2963,-9.00,29.00,4062.71,-0.5056,DOWN,97.00,1.1134,1.1048
20260714 220003 666,4059.40,1,4059.30,4059.80,0.50,4059.10,1,4059.00,2,4058.80,2,4058.50,3,4058.10,3,4058.00,1,4057.90,1,4057.80,2,4057.70,1,4057.60,4,4059.70,1,4059.80,4,4059.90,4,4060.00,4,4060.20,2,4060.30,2,4060.40,2,4060.80,5,4061.00,2,4061.10,4,Sell,59,33,92,26.00,35.00,12.00,2.00,35.0,4058.70,4060.20,4058.20,4059.40,26,82,108,-56.00,11.00,-58.00,2.10,33.3,0,0,0.0357,0.3462,-10.00,28.00,4062.71,-0.5056,DOWN,97.00,1.1134,1.1048
20260714 220003 666,4059.30,1,4059.30,4059.80,0.50,4059.10,1,4059.00,2,4058.80,2,4058.50,3,4058.10,3,4058.00,1,4057.90,1,4057.80,2,4057.70,1,4057.60,4,4059.70,1,4059.80,4,4059.90,4,4060.00,4,4060.20,2,4060.30,2,4060.40,2,4060.80,5,4061.00,2,4061.10,4,Sell,59,34,93,25.00,35.00,12.00,2.00,30.0,4058.70,4060.20,4058.20,4059.30,26,82,108,-56.00,11.00,-58.00,2.10,33.3,0,0,0.0357,0.4000,-11.00,27.00,4062.70,-0.5087,DOWN,97.00,1.1134,1.1048
20260714 220003 666,4059.30,1,4059.30,4059.80,0.50,4059.10,1,4059.00,2,4058.80,2,4058.50,3,4058.10,3,4058.00,1,4057.90,1,4057.80,2,4057.70,1,4057.60,4,4059.70,1,4059.80,4,4059.90,4,4060.00,4,4060.20,2,4060.30,2,4060.40,2,4060.80,5,4061.00,2,4061.10,4,Sell,59,35,94,24.00,35.00,12.00,2.00,30.0,4058.70,4060.20,4058.20,4059.30,26,82,108,-56.00,11.00,-58.00,2.10,33.3,0,0,0.0357,0.4583,-12.00,26.00,4062.70,-0.5087,DOWN,97.00,1.1134,1.1048
20260714 220003 666,4059.30,1,4059.30,4059.80,0.50,4059.10,1,4059.00,2,4058.80,2,4058.50,3,4058.10,3,4058.00,1,4057.90,1,4057.80,2,4057.70,1,4057.60,4,4059.70,1,4059.80,4,4059.90,4,4060.00,4,4060.20,2,4060.30,2,4060.40,2,4060.80,5,4061.00,2,4061.10,4,Sell,59,36,95,23.00,35.00,12.00,2.00,30.0,4058.70,4060.20,4058.20,4059.30,26,82,108,-56.00,11.00,-58.00,2.10,33.3,0,0,0.0357,0.5217,-13.00,25.00,4062.70,-0.5087,DOWN,97.00,1.1134,1.1048
20260714 220003 705,4059.20,1,4059.20,4059.70,0.50,4059.20,4,4059.10,2,4058.90,2,4058.80,2,4058.50,3,4058.10,3,4058.00,1,4057.90,1,4057.80,2,4057.70,1,4059.70,1,4059.80,2,4059.90,4,4060.00,4,4060.10,1,4060.20,2,4060.30,2,4060.40,2,4060.80,3,4061.00,2,Sell,59,37,96,22.00,35.00,12.00,2.00,25.0,4058.70,4060.20,4058.20,4059.20,26,82,108,-56.00,11.00,-58.00,2.10,33.3,0,0,0.0357,0.5909,-14.00,24.00,4062.69,-0.5119,DOWN,97.00,1.1134,1.1048
20260714 220003 781,4059.70,1,4059.40,4059.80,0.40,4059.40,3,4059.30,4,4059.20,3,4059.10,2,4058.90,1,4058.80,2,4058.20,1,4058.10,3,4058.00,1,4057.90,1,4059.80,2,4059.90,4,4060.00,4,4060.10,1,4060.20,2,4060.30,2,4060.40,2,4060.80,3,4061.00,2,4061.10,4,Buy,60,37,97,23.00,35.00,12.00,2.00,50.0,4058.70,4060.20,4058.20,4059.70,26,82,108,-56.00,11.00,-58.00,2.10,33.3,0,0,0.0357,0.5217,-13.00,25.00,4062.74,-0.4960,DOWN,97.00,1.1134,1.1048
20260714 220004 099,4059.50,1,4059.40,4059.50,0.10,4059.30,4,4059.20,3,4059.10,2,4058.80,2,4058.20,1,4058.10,3,4058.00,1,4057.90,1,4057.80,4,4057.70,1,4059.80,2,4059.90,4,4060.00,4,4060.20,2,4060.30,2,4060.40,2,4060.80,3,4061.00,2,4061.10,4,4061.20,3,Buy,61,37,98,24.00,35.00,12.00,2.00,40.0,4058.70,4060.20,4058.20,4059.50,26,82,108,-56.00,11.00,-58.00,2.10,33.3,0,0,0.0357,0.4583,-12.00,26.00,4062.72,-0.5024,DOWN,97.00,1.1134,1.1048
20260714 220004 172,4059.40,1,4059.40,4059.80,0.40,4059.40,2,4059.30,3,4059.20,2,4059.10,2,4058.90,1,4058.80,2,4058.20,1,4058.10,3,4058.00,1,4057.90,1,4059.80,3,4059.90,4,4060.00,4,4060.10,1,4060.20,2,4060.30,2,4060.40,2,4060.80,3,4061.00,2,4061.10,4,Sell,61,38,99,23.00,35.00,12.00,2.00,35.0,4058.70,4060.20,4058.20,4059.40,26,82,108,-56.00,11.00,-58.00,2.10,33.3,0,0,0.0357,0.5217,-13.00,25.00,4062.71,-0.5056,DOWN,97.00,1.1134,1.1048
20260714 220004 225,4059.40,1,4059.40,4059.80,0.40,4059.40,1,4059.30,3,4059.20,2,4059.10,2,4058.90,2,4058.80,2,4058.20,1,4058.10,3,4058.00,1,4057.90,1,4059.80,3,4059.90,4,4060.00,4,4060.10,1,4060.20,2,4060.30,2,4060.40,2,4060.80,3,4061.00,2,4061.10,4,Sell,61,39,100,22.00,35.00,12.00,2.00,35.0,4058.70,4060.20,4058.20,4059.40,26,82,108,-56.00,11.00,-58.00,2.10,33.3,0,0,0.0357,0.5909,-14.00,24.00,4062.71,-0.5056,DOWN,97.00,1.1134,1.1048
20260714 220004 597,4059.30,1,4059.30,4059.70,0.40,4059.30,1,4059.20,2,4059.10,2,4058.90,2,4058.80,2,4058.20,1,4058.10,3,4058.00,1,4057.90,1,4057.80,4,4059.70,2,4059.80,3,4059.90,4,4060.00,4,4060.10,1,4060.20,2,4060.30,2,4060.40,3,4060.80,3,4061.00,3,Sell,61,40,101,21.00,35.00,12.00,2.00,30.0,4058.70,4060.20,4058.20,4059.30,26,82,108,-56.00,11.00,-58.00,2.10,33.3,0,0,0.0357,0.6667,-15.00,23.00,4062.70,-0.5087,DOWN,97.00,1.1134,1.1048
20260714 220004 597,4059.30,1,4059.30,4059.70,0.40,4059.30,1,4059.20,2,4059.10,2,4058.90,2,4058.80,2,4058.20,1,4058.10,3,4058.00,1,4057.90,1,4057.80,4,4059.70,2,4059.80,3,4059.90,4,4060.00,4,4060.10,1,4060.20,2,4060.30,2,4060.40,3,4060.80,3,4061.00,3,Sell,61,41,102,20.00,35.00,12.00,2.00,30.0,4058.70,4060.20,4058.20,4059.30,26,82,108,-56.00,11.00,-58.00,2.10,33.3,0,0,0.0357,0.7500,-16.00,22.00,4062.70,-0.5087,DOWN,97.00,1.1134,1.1048
20260714 220004 597,4059.20,1,4059.30,4059.70,0.40,4059.30,1,4059.20,2,4059.10,2,4058.90,2,4058.80,2,4058.20,1,4058.10,3,4058.00,1,4057.90,1,4057.80,4,4059.70,2,4059.80,3,4059.90,4,4060.00,4,4060.10,1,4060.20,2,4060.30,2,4060.40,3,4060.80,3,4061.00,3,Sell,61,42,103,19.00,35.00,12.00,2.00,25.0,4058.70,4060.20,4058.20,4059.20,26,82,108,-56.00,11.00,-58.00,2.10,33.3,0,0,0.0357,0.8421,-17.00,21.00,4062.69,-0.5119,DOWN,97.00,1.1134,1.1048
20260714 220004 597,4059.20,1,4059.30,4059.70,0.40,4059.30,1,4059.20,2,4059.10,2,4058.90,2,4058.80,2,4058.20,1,4058.10,3,4058.00,1,4057.90,1,4057.80,4,4059.70,2,4059.80,3,4059.90,4,4060.00,4,4060.10,1,4060.20,2,4060.30,2,4060.40,3,4060.80,3,4061.00,3,Sell,61,43,104,18.00,35.00,12.00,2.00,25.0,4058.70,4060.20,4058.20,4059.20,26,82,108,-56.00,11.00,-58.00,2.10,33.3,0,0,0.0357,0.9444,-18.00,20.00,4062.69,-0.5119,DOWN,97.00,1.1134,1.1048
20260714 220004 597,4059.10,1,4059.30,4059.70,0.40,4059.30,1,4059.20,2,4059.10,2,4058.90,2,4058.80,2,4058.20,1,4058.10,3,4058.00,1,4057.90,1,4057.80,4,4059.70,2,4059.80,3,4059.90,4,4060.00,4,4060.10,1,4060.20,2,4060.30,2,4060.40,3,4060.80,3,4061.00,3,Sell,61,44,105,17.00,35.00,12.00,2.00,20.0,4058.70,4060.20,4058.20,4059.10,26,82,108,-56.00,11.00,-58.00,2.10,33.3,0,0,0.0357,1.0588,-19.00,19.00,4062.68,-0.5151,DOWN,97.00,1.1134,1.1048
20260714 220004 597,4059.10,1,4059.30,4059.70,0.40,4059.30,1,4059.20,2,4059.10,2,4058.90,2,4058.80,2,4058.20,1,4058.10,3,4058.00,1,4057.90,1,4057.80,4,4059.70,2,4059.80,3,4059.90,4,4060.00,4,4060.10,1,4060.20,2,4060.30,2,4060.40,3,4060.80,3,4061.00,3,Sell,61,45,106,16.00,35.00,12.00,2.00,20.0,4058.70,4060.20,4058.20,4059.10,26,82,108,-56.00,11.00,-58.00,2.10,33.3,0,0,0.0357,1.1875,-20.00,18.00,4062.68,-0.5151,DOWN,97.00,1.1134,1.1048
20260714 220005 499,4059.40,1,4059.10,4059.50,0.40,4059.10,3,4059.00,2,4058.80,2,4058.30,1,4058.10,3,4058.00,1,4057.90,1,4057.80,2,4057.70,5,4057.60,5,4059.50,3,4059.60,2,4059.70,3,4059.80,2,4059.90,2,4060.00,4,4060.20,2,4060.30,2,4060.40,3,4060.70,5,Sell,61,46,107,15.00,35.00,12.00,2.00,35.0,4058.70,4060.20,4058.20,4059.40,26,82,108,-56.00,11.00,-58.00,2.10,33.3,0,0,0.0357,1.3333,-21.00,17.00,4062.71,-0.5056,DOWN,97.00,1.1134,1.1048
20260714 220006 562,4059.60,2,4059.20,4059.80,0.60,4059.20,3,4059.10,2,4059.00,2,4058.90,2,4058.80,2,4058.10,3,4058.00,1,4057.90,1,4057.80,2,4057.70,5,4059.80,2,4059.90,4,4060.00,4,4060.10,1,4060.20,2,4060.30,2,4060.40,3,4060.70,5,4061.00,5,4061.10,4,Buy,63,46,109,17.00,35.00,12.00,2.00,45.0,4058.70,4060.20,4058.20,4059.60,26,82,108,-56.00,11.00,-58.00,2.10,33.3,0,0,0.0357,1.0588,-19.00,19.00,4062.73,-0.4992,DOWN,97.00,1.1134,1.1048
20260714 220006 562,4059.60,1,4059.20,4059.70,0.50,4059.20,3,4059.10,2,4059.00,2,4058.90,2,4058.80,2,4058.10,3,4058.00,1,4057.90,1,4057.80,2,4057.70,5,4059.70,1,4059.80,2,4059.90,4,4060.00,4,4060.10,1,4060.20,2,4060.30,2,4060.40,3,4060.70,5,4061.00,5,Buy,64,46,110,18.00,35.00,12.00,2.00,45.0,4058.70,4060.20,4058.20,4059.60,26,82,108,-56.00,11.00,-58.00,2.10,33.3,0,0,0.0357,0.9444,-18.00,20.00,4062.73,-0.4992,DOWN,97.00,1.1134,1.1048
20260714 220006 562,4059.70,1,4059.20,4059.70,0.50,4059.20,3,4059.10,2,4059.00,2,4058.90,2,4058.80,2,4058.10,3,4058.00,1,4057.90,1,4057.80,2,4057.70,5,4059.70,1,4059.80,2,4059.90,4,4060.00,4,4060.10,1,4060.20,2,4060.30,2,4060.40,3,4060.70,5,4061.00,5,Buy,65,46,111,19.00,35.00,12.00,2.00,50.0,4058.70,4060.20,4058.20,4059.70,26,82,108,-56.00,11.00,-58.00,2.10,33.3,0,0,0.0357,0.8421,-17.00,21.00,4062.74,-0.4960,DOWN,97.00,1.1134,1.1048
