Timestamp,Last,Volume,Bid,Ask,Spread,BidPrice1,BidQty1,BidPrice2,BidQty2,BidPrice3,BidQty3,BidPrice4,BidQty4,BidPrice5,BidQty5,BidPrice6,BidQty6,BidPrice7,BidQty7,BidPrice8,BidQty8,BidPrice9,BidQty9,BidPrice10,BidQty10,AskPrice1,AskQty1,AskPrice2,AskQty2,AskPrice3,AskQty3,AskPrice4,AskQty4,AskPrice5,AskQty5,AskPrice6,AskQty6,AskPrice7,AskQty7,AskPrice8,AskQty8,AskPrice9,AskQty9,AskPrice10,AskQty10,Aggressor,CurBarBuyVol,CurBarSellVol,CurBarTotalVol,CurBarDelta,CurBarMaxSeen,CurBarMinSeen,CurBarRange,CurBarBodyPct,CurBarOpen,CurBarHigh,CurBarLow,CurBarClose,PrevBarBuyVol,PrevBarSellVol,PrevBarTotalVol,PrevBarDelta,PrevBarMaxSeen,PrevBarMinSeen,PrevBarRange,PrevBarBodyPct,PrevBar30sAggDelta,PrevBar30sTradeCount,PrevBarAbsorbRatio,IntraAbsorbRatio,CumDelta5Bars,CumDelta10Bars,HTFEmaValue,HTFEmaSlope,HTFEmaDir,H2_HourlyVolBaseline,H2_PrevBarVolMultiple,ATRValue
20260715 220000 383,4069.30,2,4078.00,4067.80,0.00,4078.00,1,4069.30,1,4068.40,1,4068.00,2,4067.00,2,4066.90,1,4065.60,1,4064.50,1,4064.30,1,4064.00,2,4067.80,1,4069.30,1,4069.50,3,4069.70,2,4069.80,1,4070.00,2,4070.30,1,4071.00,1,4071.70,1,4071.80,2,Buy,2,0,2,2.00,2.00,2.00,0.00,0.0,4069.30,4069.30,4069.30,4069.30,21,32,53,-11.00,2.00,-16.00,0.70,14.3,0,0,0.4545,0.0000,-62.00,-60.00,4063.78,0.5233,UP,91.00,0.5824,0.9963
20260715 220000 519,4068.40,1,4068.10,4069.30,1.20,4068.10,2,4068.00,3,4067.00,2,4066.90,1,4065.60,1,4064.50,1,4064.30,1,4064.00,12,4063.70,10,4063.60,1,4069.30,1,4069.40,1,4069.50,3,4069.70,2,4069.80,1,4070.00,2,4070.30,1,4071.00,1,4071.70,1,4071.80,2,Sell,2,1,3,1.00,2.00,1.00,0.90,100.0,4069.30,4069.30,4068.40,4068.40,21,32,53,-11.00,2.00,-16.00,0.70,14.3,0,0,0.4545,1.0000,-63.00,-61.00,4063.70,0.4948,UP,91.00,0.5824,0.9963
20260715 220000 520,4069.50,1,4068.10,4069.30,1.20,4068.10,2,4068.00,3,4067.00,2,4066.90,1,4065.60,1,4064.50,1,4064.30,1,4064.00,12,4063.70,10,4063.60,1,4069.30,1,4069.40,1,4069.50,3,4069.70,2,4069.80,1,4070.00,2,4070.30,1,4071.00,1,4071.70,1,4071.80,2,Buy,3,1,4,2.00,2.00,1.00,1.10,18.2,4069.30,4069.50,4068.40,4069.50,21,32,53,-11.00,2.00,-16.00,0.70,14.3,0,0,0.4545,0.0000,-62.00,-60.00,4063.80,0.5297,UP,91.00,0.5824,1.0106
20260715 220000 558,4069.40,1,4070.40,4071.30,0.90,4069.60,2,4069.40,4,4068.80,2,4068.20,1,4068.00,3,4067.80,1,4067.50,1,4067.30,1,4067.20,2,4067.00,4,4071.40,2,4071.50,3,4071.60,2,4071.70,2,4071.80,3,4071.90,5,4072.00,2,4072.30,1,4072.50,1,4072.60,1,Buy,4,1,5,3.00,3.00,1.00,1.10,9.1,4069.30,4069.50,4068.40,4069.40,21,32,53,-11.00,2.00,-16.00,0.70,14.3,0,0,0.4545,0.0000,-61.00,-59.00,4063.79,0.5265,UP,91.00,0.5824,1.0106
20260715 220000 558,4069.40,1,4070.40,4071.30,0.90,4069.60,2,4069.40,4,4068.80,2,4068.20,1,4068.00,3,4067.80,1,4067.50,1,4067.30,1,4067.20,2,4067.00,4,4071.40,2,4071.50,3,4071.60,2,4071.70,2,4071.80,3,4071.90,5,4072.00,2,4072.30,1,4072.50,1,4072.60,1,Buy,5,1,6,4.00,4.00,1.00,1.10,9.1,4069.30,4069.50,4068.40,4069.40,21,32,53,-11.00,2.00,-16.00,0.70,14.3,0,0,0.4545,0.0000,-60.00,-58.00,4063.79,0.5265,UP,91.00,0.5824,1.0106
20260715 220000 561,4069.40,1,4070.40,4071.30,0.90,4069.60,2,4069.40,4,4068.80,2,4068.20,1,4068.00,3,4067.80,1,4067.50,1,4067.30,1,4067.20,2,4067.00,4,4071.40,2,4071.50,3,4071.60,2,4071.70,2,4071.80,3,4071.90,5,4072.00,2,4072.30,1,4072.50,1,4072.60,1,Buy,6,1,7,5.00,5.00,1.00,1.10,9.1,4069.30,4069.50,4068.40,4069.40,21,32,53,-11.00,2.00,-16.00,0.70,14.3,0,0,0.4545,0.0000,-59.00,-57.00,4063.79,0.5265,UP,91.00,0.5824,1.0106
20260715 220000 567,4069.30,1,4070.40,4071.30,0.90,4069.60,2,4069.40,4,4068.80,2,4068.20,1,4068.00,3,4067.80,1,4067.50,1,4067.30,1,4067.20,2,4067.00,4,4071.40,2,4071.50,3,4071.60,2,4071.70,2,4071.80,3,4071.90,5,4072.00,2,4072.30,1,4072.50,1,4072.60,1,Buy,7,1,8,6.00,6.00,1.00,1.10,0.0,4069.30,4069.50,4068.40,4069.30,21,32,53,-11.00,2.00,-16.00,0.70,14.3,0,0,0.4545,0.0000,-58.00,-56.00,4063.78,0.5233,UP,91.00,0.5824,1.0106
20260715 220000 567,4069.40,1,4070.40,4071.30,0.90,4069.60,2,4069.40,4,4068.80,2,4068.20,1,4068.00,3,4067.80,1,4067.50,1,4067.30,1,4067.20,2,4067.00,4,4071.40,2,4071.50,3,4071.60,2,4071.70,2,4071.80,3,4071.90,5,4072.00,2,4072.30,1,4072.50,1,4072.60,1,Buy,8,1,9,7.00,7.00,1.00,1.10,9.1,4069.30,4069.50,4068.40,4069.40,21,32,53,-11.00,2.00,-16.00,0.70,14.3,0,0,0.4545,0.0000,-57.00,-55.00,4063.79,0.5265,UP,91.00,0.5824,1.0106
20260715 220000 567,4068.50,1,4070.40,4071.30,0.90,4069.60,2,4069.40,4,4068.80,2,4068.20,1,4068.00,3,4067.80,1,4067.50,1,4067.30,1,4067.20,2,4067.00,4,4071.40,2,4071.50,3,4071.60,2,4071.70,2,4071.80,3,4071.90,5,4072.00,2,4072.30,1,4072.50,1,4072.60,1,Sell,8,2,10,6.00,7.00,1.00,1.10,72.7,4069.30,4069.50,4068.40,4068.50,21,32,53,-11.00,2.00,-16.00,0.70,14.3,0,0,0.4545,0.1667,-58.00,-56.00,4063.71,0.4979,UP,91.00,0.5824,1.0106
20260715 220000 575,4069.40,1,4070.40,4071.30,0.90,4069.60,2,4069.40,4,4068.80,2,4068.20,1,4068.00,3,4067.80,1,4067.50,1,4067.30,1,4067.20,2,4067.00,4,4071.40,2,4071.50,3,4071.60,2,4071.70,2,4071.80,3,4071.90,5,4072.00,2,4072.30,1,4072.50,1,4072.60,1,Buy,9,2,11,7.00,7.00,1.00,1.10,9.1,4069.30,4069.50,4068.40,4069.40,21,32,53,-11.00,2.00,-16.00,0.70,14.3,0,0,0.4545,0.0000,-57.00,-55.00,4063.79,0.5265,UP,91.00,0.5824,1.0106
20260715 220000 575,4069.30,1,4070.40,4071.30,0.90,4069.60,2,4069.40,4,4068.80,2,4068.20,1,4068.00,3,4067.80,1,4067.50,1,4067.30,1,4067.20,2,4067.00,4,4071.40,2,4071.50,3,4071.60,2,4071.70,2,4071.80,3,4071.90,5,4072.00,2,4072.30,1,4072.50,1,4072.60,1,Buy,10,2,12,8.00,8.00,1.00,1.10,0.0,4069.30,4069.50,4068.40,4069.30,21,32,53,-11.00,2.00,-16.00,0.70,14.3,0,0,0.4545,0.0000,-56.00,-54.00,4063.78,0.5233,UP,91.00,0.5824,1.0106
20260715 220000 575,4069.40,1,4070.40,4071.30,0.90,4069.60,2,4069.40,4,4068.80,2,4068.20,1,4068.00,3,4067.80,1,4067.50,1,4067.30,1,4067.20,2,4067.00,4,4071.40,2,4071.50,3,4071.60,2,4071.70,2,4071.80,3,4071.90,5,4072.00,2,4072.30,1,4072.50,1,4072.60,1,Buy,11,2,13,9.00,9.00,1.00,1.10,9.1,4069.30,4069.50,4068.40,4069.40,21,32,53,-11.00,2.00,-16.00,0.70,14.3,0,0,0.4545,0.0000,-55.00,-53.00,4063.79,0.5265,UP,91.00,0.5824,1.0106
20260715 220000 596,4069.40,1,4070.40,4071.30,0.90,4069.60,2,4069.40,4,4068.80,2,4068.20,1,4068.00,3,4067.80,1,4067.50,1,4067.30,1,4067.20,2,4067.00,4,4071.40,2,4071.50,3,4071.60,2,4071.70,2,4071.80,3,4071.90,5,4072.00,2,4072.30,1,4072.50,1,4072.60,1,Buy,12,2,14,10.00,10.00,1.00,1.10,9.1,4069.30,4069.50,4068.40,4069.40,21,32,53,-11.00,2.00,-16.00,0.70,14.3,0,0,0.4545,0.0000,-54.00,-52.00,4063.79,0.5265,UP,91.00,0.5824,1.0106
20260715 220000 597,4069.40,1,4070.40,4071.30,0.90,4069.60,2,4069.40,4,4068.80,2,4068.20,1,4068.00,3,4067.80,1,4067.50,1,4067.30,1,4067.20,2,4067.00,4,4071.40,2,4071.50,3,4071.60,2,4071.70,2,4071.80,3,4071.90,5,4072.00,2,4072.30,1,4072.50,1,4072.60,1,Buy,13,2,15,11.00,11.00,1.00,1.10,9.1,4069.30,4069.50,4068.40,4069.40,21,32,53,-11.00,2.00,-16.00,0.70,14.3,0,0,0.4545,0.0000,-53.00,-51.00,4063.79,0.5265,UP,91.00,0.5824,1.0106
20260715 220000 600,4069.50,2,4070.40,4071.30,0.90,4069.60,2,4069.40,4,4068.80,2,4068.20,1,4068.00,3,4067.80,1,4067.50,1,4067.30,1,4067.20,2,4067.00,4,4071.40,2,4071.50,3,4071.60,2,4071.70,2,4071.80,3,4071.90,5,4072.00,2,4072.30,1,4072.50,1,4072.60,1,Buy,15,2,17,13.00,13.00,1.00,1.10,18.2,4069.30,4069.50,4068.40,4069.50,21,32,53,-11.00,2.00,-16.00,0.70,14.3,0,0,0.4545,0.0000,-51.00,-49.00,4063.80,0.5297,UP,91.00,0.5824,1.0106
20260715 220000 603,4069.70,1,4070.40,4071.30,0.90,4069.60,2,4069.40,4,4068.80,2,4068.20,1,4068.00,3,4067.80,1,4067.50,1,4067.30,1,4067.20,2,4067.00,4,4071.40,2,4071.50,3,4071.60,2,4071.70,2,4071.80,3,4071.90,5,4072.00,2,4072.30,1,4072.50,1,4072.60,1,Buy,16,2,18,14.00,14.00,1.00,1.30,30.8,4069.30,4069.70,4068.40,4069.70,21,32,53,-11.00,2.00,-16.00,0.70,14.3,0,0,0.4545,0.0000,-50.00,-48.00,4063.82,0.5360,UP,91.00,0.5824,1.0249
20260715 220000 603,4069.70,1,4070.40,4071.30,0.90,4069.60,2,4069.40,4,4068.80,2,4068.20,1,4068.00,3,4067.80,1,4067.50,1,4067.30,1,4067.20,2,4067.00,4,4071.40,2,4071.50,3,4071.60,2,4071.70,2,4071.80,3,4071.90,5,4072.00,2,4072.30,1,4072.50,1,4072.60,1,Buy,17,2,19,15.00,15.00,1.00,1.30,30.8,4069.30,4069.70,4068.40,4069.70,21,32,53,-11.00,2.00,-16.00,0.70,14.3,0,0,0.4545,0.0000,-49.00,-47.00,4063.82,0.5360,UP,91.00,0.5824,1.0249
20260715 220000 606,4069.80,1,4070.40,4071.30,0.90,4069.60,2,4069.40,4,4068.80,2,4068.20,1,4068.00,3,4067.80,1,4067.50,1,4067.30,1,4067.20,2,4067.00,4,4071.40,2,4071.50,3,4071.60,2,4071.70,2,4071.80,3,4071.90,5,4072.00,2,4072.30,1,4072.50,1,4072.60,1,Buy,18,2,20,16.00,16.00,1.00,1.40,35.7,4069.30,4069.80,4068.40,4069.80,21,32,53,-11.00,2.00,-16.00,0.70,14.3,0,0,0.4545,0.0000,-48.00,-46.00,4063.83,0.5392,UP,91.00,0.5824,1.0320
20260715 220000 610,4070.00,1,4070.40,4071.30,0.90,4069.60,2,4069.40,4,4068.80,2,4068.20,1,4068.00,3,4067.80,1,4067.50,1,4067.30,1,4067.20,2,4067.00,4,4071.40,2,4071.50,3,4071.60,2,4071.70,2,4071.80,3,4071.90,5,4072.00,2,4072.30,1,4072.50,1,4072.60,1,Buy,19,2,21,17.00,17.00,1.00,1.60,43.7,4069.30,4070.00,4068.40,4070.00,21,32,53,-11.00,2.00,-16.00,0.70,14.3,0,0,0.4545,0.0000,-47.00,-45.00,4063.85,0.5455,UP,91.00,0.5824,1.0463
20260715 220000 610,4070.00,1,4070.40,4071.30,0.90,4069.60,2,4069.40,4,4068.80,2,4068.20,1,4068.00,3,4067.80,1,4067.50,1,4067.30,1,4067.20,2,4067.00,4,4071.40,2,4071.50,3,4071.60,2,4071.70,2,4071.80,3,4071.90,5,4072.00,2,4072.30,1,4072.50,1,4072.60,1,Buy,20,2,22,18.00,18.00,1.00,1.60,43.7,4069.30,4070.00,4068.40,4070.00,21,32,53,-11.00,2.00,-16.00,0.70,14.3,0,0,0.4545,0.0000,-46.00,-44.00,4063.85,0.5455,UP,91.00,0.5824,1.0463
20260715 220000 613,4070.30,1,4070.40,4071.30,0.90,4069.60,2,4069.40,4,4068.80,2,4068.20,1,4068.00,3,4067.80,1,4067.50,1,4067.30,1,4067.20,2,4067.00,4,4071.40,2,4071.50,3,4071.60,2,4071.70,2,4071.80,3,4071.90,5,4072.00,2,4072.30,1,4072.50,1,4072.60,1,Buy,21,2,23,19.00,19.00,1.00,1.90,52.6,4069.30,4070.30,4068.40,4070.30,21,32,53,-11.00,2.00,-16.00,0.70,14.3,0,0,0.4545,0.0000,-45.00,-43.00,4063.88,0.5551,UP,91.00,0.5824,1.0677
20260715 220000 613,4070.90,1,4070.40,4071.30,0.90,4069.60,2,4069.40,4,4068.80,2,4068.20,1,4068.00,3,4067.80,1,4067.50,1,4067.30,1,4067.20,2,4067.00,4,4071.40,2,4071.50,3,4071.60,2,4071.70,2,4071.80,3,4071.90,5,4072.00,2,4072.30,1,4072.50,1,4072.60,1,Buy,22,2,24,20.00,20.00,1.00,2.50,64.0,4069.30,4070.90,4068.40,4070.90,21,32,53,-11.00,2.00,-16.00,0.70,14.3,0,0,0.4545,0.0000,-44.00,-42.00,4063.93,0.5741,UP,91.00,0.5824,1.1106
20260715 220000 613,4071.00,1,4070.40,4071.30,0.90,4069.60,2,4069.40,4,4068.80,2,4068.20,1,4068.00,3,4067.80,1,4067.50,1,4067.30,1,4067.20,2,4067.00,4,4071.40,2,4071.50,3,4071.60,2,4071.70,2,4071.80,3,4071.90,5,4072.00,2,4072.30,1,4072.50,1,4072.60,1,Buy,23,2,25,21.00,21.00,1.00,2.60,65.4,4069.30,4071.00,4068.40,4071.00,21,32,53,-11.00,2.00,-16.00,0.70,14.3,0,0,0.4545,0.0000,-43.00,-41.00,4063.94,0.5773,UP,91.00,0.5824,1.1177
20260715 220000 613,4071.60,1,4070.40,4071.30,0.90,4069.60,2,4069.40,4,4068.80,2,4068.20,1,4068.00,3,4067.80,1,4067.50,1,4067.30,1,4067.20,2,4067.00,4,4071.40,2,4071.50,3,4071.60,2,4071.70,2,4071.80,3,4071.90,5,4072.00,2,4072.30,1,4072.50,1,4072.60,1,Buy,24,2,26,22.00,22.00,1.00,3.20,71.9,4069.30,4071.60,4068.40,4071.60,21,32,53,-11.00,2.00,-16.00,0.70,14.3,0,0,0.4545,0.0000,-42.00,-40.00,4064.00,0.5963,UP,91.00,0.5824,1.1606
20260715 220000 613,4071.60,1,4070.40,4071.30,0.90,4069.60,2,4069.40,4,4068.80,2,4068.20,1,4068.00,3,4067.80,1,4067.50,1,4067.30,1,4067.20,2,4067.00,4,4071.40,2,4071.50,3,4071.60,2,4071.70,2,4071.80,3,4071.90,5,4072.00,2,4072.30,1,4072.50,1,4072.60,1,Buy,25,2,27,23.00,23.00,1.00,3.20,71.9,4069.30,4071.60,4068.40,4071.60,21,32,53,-11.00,2.00,-16.00,0.70,14.3,0,0,0.4545,0.0000,-41.00,-39.00,4064.00,0.5963,UP,91.00,0.5824,1.1606
20260715 220000 615,4070.60,5,4070.40,4071.30,0.90,4069.60,2,4069.40,4,4068.80,2,4068.20,1,4068.00,3,4067.80,1,4067.50,1,4067.30,1,4067.20,2,4067.00,4,4071.40,2,4071.50,3,4071.60,2,4071.70,2,4071.80,3,4071.90,5,4072.00,2,4072.30,1,4072.50,1,4072.60,1,Sell,25,7,32,18.00,23.00,1.00,3.20,40.6,4069.30,4071.60,4068.40,4070.60,21,32,53,-11.00,2.00,-16.00,0.70,14.3,0,0,0.4545,0.2778,-46.00,-44.00,4063.91,0.5646,UP,91.00,0.5824,1.1606
20260715 220000 616,4070.70,2,4070.40,4071.30,0.90,4069.60,2,4069.40,4,4068.80,2,4068.20,1,4068.00,3,4067.80,1,4067.50,1,4067.30,1,4067.20,2,4067.00,4,4071.40,2,4071.50,3,4071.60,2,4071.70,2,4071.80,3,4071.90,5,4072.00,2,4072.30,1,4072.50,1,4072.60,1,Sell,25,9,34,16.00,23.00,1.00,3.20,43.7,4069.30,4071.60,4068.40,4070.70,21,32,53,-11.00,2.00,-16.00,0.70,14.3,0,0,0.4545,0.4375,-48.00,-46.00,4063.92,0.5678,UP,91.00,0.5824,1.1606
20260715 220000 616,4070.60,1,4070.40,4071.30,0.90,4069.60,2,4069.40,4,4068.80,2,4068.20,1,4068.00,3,4067.80,1,4067.50,1,4067.30,1,4067.20,2,4067.00,4,4071.40,2,4071.50,3,4071.60,2,4071.70,2,4071.80,3,4071.90,5,4072.00,2,4072.30,1,4072.50,1,4072.60,1,Sell,25,10,35,15.00,23.00,1.00,3.20,40.6,4069.30,4071.60,4068.40,4070.60,21,32,53,-11.00,2.00,-16.00,0.70,14.3,0,0,0.4545,0.5333,-49.00,-47.00,4063.91,0.5646,UP,91.00,0.5824,1.1606
20260715 220000 617,4070.40,1,4070.40,4071.30,0.90,4069.60,2,4069.40,4,4068.80,2,4068.20,1,4068.00,3,4067.80,1,4067.50,1,4067.30,1,4067.20,2,4067.00,4,4071.40,2,4071.50,3,4071.60,2,4071.70,2,4071.80,3,4071.90,5,4072.00,2,4072.30,1,4072.50,1,4072.60,1,Sell,25,11,36,14.00,23.00,1.00,3.20,34.4,4069.30,4071.60,4068.40,4070.40,21,32,53,-11.00,2.00,-16.00,0.70,14.3,0,0,0.4545,0.6429,-50.00,-48.00,4063.89,0.5582,UP,91.00,0.5824,1.1606
20260715 220000 623,4070.70,1,4070.20,4071.00,0.80,4070.20,1,4069.90,2,4069.80,2,4069.60,2,4069.40,4,4069.20,1,4069.10,1,4069.00,1,4068.80,2,4068.60,1,4071.00,2,4071.10,2,4071.20,1,4071.30,1,4071.40,1,4071.60,2,4071.70,2,4071.80,4,4071.90,2,4072.00,3,Sell,25,12,37,13.00,23.00,1.00,3.20,43.7,4069.30,4071.60,4068.40,4070.70,21,32,53,-11.00,2.00,-16.00,0.70,14.3,0,0,0.4545,0.7692,-51.00,-49.00,4063.92,0.5678,UP,91.00,0.5824,1.1606
20260715 220000 623,4070.70,1,4070.20,4071.00,0.80,4070.20,1,4069.90,2,4069.80,2,4069.60,2,4069.40,4,4069.20,1,4069.10,1,4069.00,1,4068.80,2,4068.60,1,4071.00,2,4071.10,2,4071.20,1,4071.30,1,4071.40,1,4071.60,2,4071.70,2,4071.80,4,4071.90,2,4072.00,3,Sell,25,13,38,12.00,23.00,1.00,3.20,43.7,4069.30,4071.60,4068.40,4070.70,21,32,53,-11.00,2.00,-16.00,0.70,14.3,0,0,0.4545,0.9167,-52.00,-50.00,4063.92,0.5678,UP,91.00,0.5824,1.1606
20260715 220000 623,4070.70,1,4070.20,4071.00,0.80,4070.20,1,4069.90,2,4069.80,2,4069.60,2,4069.40,4,4069.20,1,4069.10,1,4069.00,1,4068.80,2,4068.60,1,4071.00,2,4071.10,2,4071.20,1,4071.30,1,4071.40,1,4071.60,2,4071.70,2,4071.80,4,4071.90,2,4072.00,3,Sell,25,14,39,11.00,23.00,1.00,3.20,43.7,4069.30,4071.60,4068.40,4070.70,21,32,53,-11.00,2.00,-16.00,0.70,14.3,0,0,0.4545,1.0909,-53.00,-51.00,4063.92,0.5678,UP,91.00,0.5824,1.1606
20260715 220000 623,4070.60,1,4070.20,4071.00,0.80,4070.20,1,4069.90,2,4069.80,2,4069.60,2,4069.40,4,4069.20,1,4069.10,1,4069.00,1,4068.80,2,4068.60,1,4071.00,2,4071.10,2,4071.20,1,4071.30,1,4071.40,1,4071.60,2,4071.70,2,4071.80,4,4071.90,2,4072.00,3,Sell,25,15,40,10.00,23.00,1.00,3.20,40.6,4069.30,4071.60,4068.40,4070.60,21,32,53,-11.00,2.00,-16.00,0.70,14.3,0,0,0.4545,1.3000,-54.00,-52.00,4063.91,0.5646,UP,91.00,0.5824,1.1606
20260715 220000 623,4070.60,1,4070.20,4071.00,0.80,4070.20,1,4069.90,2,4069.80,2,4069.60,2,4069.40,4,4069.20,1,4069.10,1,4069.00,1,4068.80,2,4068.60,1,4071.00,2,4071.10,2,4071.20,1,4071.30,1,4071.40,1,4071.60,2,4071.70,2,4071.80,4,4071.90,2,4072.00,3,Sell,25,16,41,9.00,23.00,1.00,3.20,40.6,4069.30,4071.60,4068.40,4070.60,21,32,53,-11.00,2.00,-16.00,0.70,14.3,0,0,0.4545,1.5556,-55.00,-53.00,4063.91,0.5646,UP,91.00,0.5824,1.1606
20260715 220000 627,4071.10,1,4070.20,4071.00,0.80,4070.20,1,4069.90,2,4069.80,2,4069.60,2,4069.40,4,4069.20,1,4069.10,1,4069.00,1,4068.80,2,4068.60,1,4071.00,2,4071.10,2,4071.20,1,4071.30,1,4071.40,1,4071.60,2,4071.70,2,4071.80,4,4071.90,2,4072.00,3,Buy,26,16,42,10.00,23.00,1.00,3.20,56.2,4069.30,4071.60,4068.40,4071.10,21,32,53,-11.00,2.00,-16.00,0.70,14.3,0,0,0.4545,1.3000,-54.00,-52.00,4063.95,0.5805,UP,91.00,0.5824,1.1606
20260715 220000 632,4071.10,1,4070.20,4071.00,0.80,4070.20,1,4069.90,2,4069.80,2,4069.60,2,4069.40,4,4069.20,1,4069.10,1,4069.00,1,4068.80,2,4068.60,1,4071.00,2,4071.10,2,4071.20,1,4071.30,1,4071.40,1,4071.60,2,4071.70,2,4071.80,4,4071.90,2,4072.00,3,Buy,27,16,43,11.00,23.00,1.00,3.20,56.2,4069.30,4071.60,4068.40,4071.10,21,32,53,-11.00,2.00,-16.00,0.70,14.3,0,0,0.4545,1.0909,-53.00,-51.00,4063.95,0.5805,UP,91.00,0.5824,1.1606
20260715 220000 632,4071.10,1,4070.20,4071.00,0.80,4070.20,1,4069.90,2,4069.80,2,4069.60,2,4069.40,4,4069.20,1,4069.10,1,4069.00,1,4068.80,2,4068.60,1,4071.00,2,4071.10,2,4071.20,1,4071.30,1,4071.40,1,4071.60,2,4071.70,2,4071.80,4,4071.90,2,4072.00,3,Buy,28,16,44,12.00,23.00,1.00,3.20,56.2,4069.30,4071.60,4068.40,4071.10,21,32,53,-11.00,2.00,-16.00,0.70,14.3,0,0,0.4545,0.9167,-52.00,-50.00,4063.95,0.5805,UP,91.00,0.5824,1.1606
20260715 220000 655,4070.50,1,4070.20,4071.00,0.80,4070.20,1,4069.90,2,4069.80,2,4069.60,2,4069.40,4,4069.20,1,4069.10,1,4069.00,1,4068.80,2,4068.60,1,4071.00,2,4071.10,2,4071.20,1,4071.30,1,4071.40,1,4071.60,2,4071.70,2,4071.80,4,4071.90,2,4072.00,3,Sell,28,17,45,11.00,23.00,1.00,3.20,37.5,4069.30,4071.60,4068.40,4070.50,21,32,53,-11.00,2.00,-16.00,0.70,14.3,0,0,0.4545,1.0909,-53.00,-51.00,4063.90,0.5614,UP,91.00,0.5824,1.1606
20260715 220000 661,4070.70,1,4070.20,4071.00,0.80,4070.20,1,4069.90,2,4069.80,2,4069.60,2,4069.40,4,4069.20,1,4069.10,1,4069.00,1,4068.80,2,4068.60,1,4071.00,2,4071.10,2,4071.20,1,4071.30,1,4071.40,1,4071.60,2,4071.70,2,4071.80,4,4071.90,2,4072.00,3,Sell,28,18,46,10.00,23.00,1.00,3.20,43.7,4069.30,4071.60,4068.40,4070.70,21,32,53,-11.00,2.00,-16.00,0.70,14.3,0,0,0.4545,1.3000,-54.00,-52.00,4063.92,0.5678,UP,91.00,0.5824,1.1606
20260715 220000 661,4070.60,1,4070.20,4071.00,0.80,4070.20,1,4069.90,2,4069.80,2,4069.60,2,4069.40,4,4069.20,1,4069.10,1,4069.00,1,4068.80,2,4068.60,1,4071.00,2,4071.10,2,4071.20,1,4071.30,1,4071.40,1,4071.60,2,4071.70,2,4071.80,4,4071.90,2,4072.00,3,Sell,28,19,47,9.00,23.00,1.00,3.20,40.6,4069.30,4071.60,4068.40,4070.60,21,32,53,-11.00,2.00,-16.00,0.70,14.3,0,0,0.4545,1.5556,-55.00,-53.00,4063.91,0.5646,UP,91.00,0.5824,1.1606
20260715 220000 661,4070.60,1,4070.20,4071.00,0.80,4070.20,1,4069.90,2,4069.80,2,4069.60,2,4069.40,4,4069.20,1,4069.10,1,4069.00,1,4068.80,2,4068.60,1,4071.00,2,4071.10,2,4071.20,1,4071.30,1,4071.40,1,4071.60,2,4071.70,2,4071.80,4,4071.90,2,4072.00,3,Sell,28,20,48,8.00,23.00,1.00,3.20,40.6,4069.30,4071.60,4068.40,4070.60,21,32,53,-11.00,2.00,-16.00,0.70,14.3,0,0,0.4545,1.8750,-56.00,-54.00,4063.91,0.5646,UP,91.00,0.5824,1.1606
20260715 220000 661,4070.70,1,4070.20,4071.00,0.80,4070.20,1,4069.90,2,4069.80,2,4069.60,2,4069.40,4,4069.20,1,4069.10,1,4069.00,1,4068.80,2,4068.60,1,4071.00,2,4071.10,2,4071.20,1,4071.30,1,4071.40,1,4071.60,2,4071.70,2,4071.80,4,4071.90,2,4072.00,3,Sell,28,21,49,7.00,23.00,1.00,3.20,43.7,4069.30,4071.60,4068.40,4070.70,21,32,53,-11.00,2.00,-16.00,0.70,14.3,0,0,0.4545,2.2857,-57.00,-55.00,4063.92,0.5678,UP,91.00,0.5824,1.1606
20260715 220000 662,4070.60,1,4070.20,4071.00,0.80,4070.20,1,4069.90,2,4069.80,2,4069.60,2,4069.40,4,4069.20,1,4069.10,1,4069.00,1,4068.80,2,4068.60,1,4071.00,2,4071.10,2,4071.20,1,4071.30,1,4071.40,1,4071.60,2,4071.70,2,4071.80,4,4071.90,2,4072.00,3,Sell,28,22,50,6.00,23.00,1.00,3.20,40.6,4069.30,4071.60,4068.40,4070.60,21,32,53,-11.00,2.00,-16.00,0.70,14.3,0,0,0.4545,2.8333,-58.00,-56.00,4063.91,0.5646,UP,91.00,0.5824,1.1606
20260715 220000 735,4070.30,1,4070.40,4071.00,0.60,4070.30,1,4070.20,3,4069.90,2,4069.80,2,4069.60,2,4069.40,4,4068.80,2,4068.60,1,4068.40,5,4068.20,1,4071.00,2,4071.10,4,4071.20,3,4071.30,2,4071.40,2,4071.60,3,4071.70,3,4071.80,5,4071.90,2,4072.00,8,Sell,28,23,51,5.00,23.00,1.00,3.20,31.3,4069.30,4071.60,4068.40,4070.30,21,32,53,-11.00,2.00,-16.00,0.70,14.3,0,0,0.4545,3.6000,-59.00,-57.00,4063.88,0.5551,UP,91.00,0.5824,1.1606
20260715 220000 735,4070.20,2,4070.40,4071.00,0.60,4070.30,1,4070.20,3,4069.90,2,4069.80,2,4069.60,2,4069.40,4,4068.80,2,4068.60,1,4068.40,5,4068.20,1,4071.00,2,4071.10,4,4071.20,3,4071.30,2,4071.40,2,4071.60,3,4071.70,3,4071.80,5,4071.90,2,4072.00,8,Sell,28,25,53,3.00,23.00,1.00,3.20,28.1,4069.30,4071.60,4068.40,4070.20,21,32,53,-11.00,2.00,-16.00,0.70,14.3,0,0,0.4545,6.6667,-61.00,-59.00,4063.87,0.5519,UP,91.00,0.5824,1.1606
20260715 220000 735,4070.20,1,4070.40,4071.00,0.60,4070.30,1,4070.20,3,4069.90,2,4069.80,2,4069.60,2,4069.40,4,4068.80,2,4068.60,1,4068.40,5,4068.20,1,4071.00,2,4071.10,4,4071.20,3,4071.30,2,4071.40,2,4071.60,3,4071.70,3,4071.80,5,4071.90,2,4072.00,8,Sell,28,26,54,2.00,23.00,1.00,3.20,28.1,4069.30,4071.60,4068.40,4070.20,21,32,53,-11.00,2.00,-16.00,0.70,14.3,0,0,0.4545,10.5000,-62.00,-60.00,4063.87,0.5519,UP,91.00,0.5824,1.1606
20260715 220000 749,4070.90,1,4070.40,4071.00,0.60,4070.30,1,4070.20,3,4069.90,2,4069.80,2,4069.60,2,4069.40,4,4068.80,2,4068.60,1,4068.40,5,4068.20,1,4071.00,2,4071.10,4,4071.20,3,4071.30,2,4071.40,2,4071.60,3,4071.70,3,4071.80,5,4071.90,2,4072.00,8,Buy,29,26,55,3.00,23.00,1.00,3.20,50.0,4069.30,4071.60,4068.40,4070.90,21,32,53,-11.00,2.00,-16.00,0.70,14.3,0,0,0.4545,6.6667,-61.00,-59.00,4063.93,0.5741,UP,91.00,0.5824,1.1606
20260715 220000 755,4070.40,1,4070.40,4071.00,0.60,4070.30,1,4070.20,3,4069.90,2,4069.80,2,4069.60,2,4069.40,4,4068.80,2,4068.60,1,4068.40,5,4068.20,1,4071.00,2,4071.10,4,4071.20,3,4071.30,2,4071.40,2,4071.60,3,4071.70,3,4071.80,5,4071.90,2,4072.00,8,Sell,29,27,56,2.00,23.00,1.00,3.20,34.4,4069.30,4071.60,4068.40,4070.40,21,32,53,-11.00,2.00,-16.00,0.70,14.3,0,0,0.4545,10.5000,-62.00,-60.00,4063.89,0.5582,UP,91.00,0.5824,1.1606
20260715 220000 755,4070.40,1,4070.40,4071.00,0.60,4070.30,1,4070.20,3,4069.90,2,4069.80,2,4069.60,2,4069.40,4,4068.80,2,4068.60,1,4068.40,5,4068.20,1,4071.00,2,4071.10,4,4071.20,3,4071.30,2,4071.40,2,4071.60,3,4071.70,3,4071.80,5,4071.90,2,4072.00,8,Sell,29,28,57,1.00,23.00,1.00,3.20,34.4,4069.30,4071.60,4068.40,4070.40,21,32,53,-11.00,2.00,-16.00,0.70,14.3,0,0,0.4545,22.0000,-63.00,-61.00,4063.89,0.5582,UP,91.00,0.5824,1.1606
20260715 220000 805,4071.10,1,4070.40,4071.20,0.80,4070.40,3,4070.30,2,4070.20,2,4070.10,2,4069.80,2,4069.60,2,4069.40,4,4069.30,1,4069.20,1,4069.00,1,4071.20,2,4071.30,4,4071.40,2,4071.70,2,4071.80,4,4071.90,2,4072.00,8,4072.10,5,4072.20,5,4072.30,6,Buy,30,28,58,2.00,23.00,1.00,3.20,56.2,4069.30,4071.60,4068.40,4071.10,21,32,53,-11.00,2.00,-16.00,0.70,14.3,0,0,0.4545,10.5000,-62.00,-60.00,4063.95,0.5805,UP,91.00,0.5824,1.1606
20260715 220000 940,4071.20,1,4070.50,4071.20,0.70,4070.50,3,4070.00,4,4069.90,2,4069.80,2,4069.60,2,4069.40,4,4069.30,1,4069.20,1,4069.00,1,4068.90,2,4071.20,1,4071.30,4,4071.40,2,4071.70,2,4071.80,4,4071.90,2,4072.00,8,4072.10,5,4072.20,5,4072.30,6,Buy,31,28,59,3.00,23.00,1.00,3.20,59.4,4069.30,4071.60,4068.40,4071.20,21,32,53,-11.00,2.00,-16.00,0.70,14.3,0,0,0.4545,6.6667,-61.00,-59.00,4063.96,0.5836,UP,91.00,0.5824,1.1606
20260715 220000 940,4071.20,1,4070.50,4071.20,0.70,4070.50,3,4070.00,4,4069.90,2,4069.80,2,4069.60,2,4069.40,4,4069.30,1,4069.20,1,4069.00,1,4068.90,2,4071.20,1,4071.30,4,4071.40,2,4071.70,2,4071.80,4,4071.90,2,4072.00,8,4072.10,5,4072.20,5,4072.30,6,Buy,32,28,60,4.00,23.00,1.00,3.20,59.4,4069.30,4071.60,4068.40,4071.20,21,32,53,-11.00,2.00,-16.00,0.70,14.3,0,0,0.4545,4.7500,-60.00,-58.00,4063.96,0.5836,UP,91.00,0.5824,1.1606
20260715 220001 116,4071.20,1,4070.50,4071.20,0.70,4070.60,2,4070.30,2,4070.20,2,4070.10,2,4069.80,2,4069.60,2,4069.40,4,4069.30,1,4069.00,1,4068.90,2,4071.20,1,4071.30,3,4071.40,2,4071.50,2,4071.60,2,4071.70,2,4071.80,4,4071.90,2,4072.00,8,4072.10,5,Buy,33,28,61,5.00,23.00,1.00,3.20,59.4,4069.30,4071.60,4068.40,4071.20,21,32,53,-11.00,2.00,-16.00,0.70,14.3,0,0,0.4545,3.6000,-59.00,-57.00,4063.96,0.5836,UP,91.00,0.5824,1.1606
20260715 220001 128,4070.50,1,4070.50,4071.20,0.70,4070.60,2,4070.30,2,4070.20,2,4070.10,2,4069.80,2,4069.60,2,4069.40,4,4069.30,1,4069.00,1,4068.90,2,4071.20,1,4071.30,3,4071.40,2,4071.50,2,4071.60,2,4071.70,2,4071.80,4,4071.90,2,4072.00,8,4072.10,5,Sell,33,29,62,4.00,23.00,1.00,3.20,37.5,4069.30,4071.60,4068.40,4070.50,21,32,53,-11.00,2.00,-16.00,0.70,14.3,0,0,0.4545,4.7500,-60.00,-58.00,4063.90,0.5614,UP,91.00,0.5824,1.1606
20260715 220001 143,4070.50,1,4070.50,4071.20,0.70,4070.60,2,4070.30,2,4070.20,2,4070.10,2,4069.80,2,4069.60,2,4069.40,4,4069.30,1,4069.00,1,4068.90,2,4071.20,1,4071.30,3,4071.40,2,4071.50,2,4071.60,2,4071.70,2,4071.80,4,4071.90,2,4072.00,8,4072.10,5,Sell,33,30,63,3.00,23.00,1.00,3.20,37.5,4069.30,4071.60,4068.40,4070.50,21,32,53,-11.00,2.00,-16.00,0.70,14.3,0,0,0.4545,6.6667,-61.00,-59.00,4063.90,0.5614,UP,91.00,0.5824,1.1606
20260715 220001 242,4070.60,1,4069.80,4070.70,0.90,4069.80,2,4069.70,2,4069.60,2,4069.40,4,4069.30,2,4068.90,1,4068.80,4,4068.50,6,4068.40,5,4068.30,5,4070.70,3,4070.80,2,4070.90,3,4071.00,2,4071.10,2,4071.20,2,4071.30,2,4071.40,2,4071.60,2,4071.70,2,Sell,33,31,64,2.00,23.00,1.00,3.20,40.6,4069.30,4071.60,4068.40,4070.60,21,32,53,-11.00,2.00,-16.00,0.70,14.3,0,0,0.4545,10.5000,-62.00,-60.00,4063.91,0.5646,UP,91.00,0.5824,1.1606
20260715 220001 243,4070.30,1,4069.80,4070.70,0.90,4069.80,2,4069.70,2,4069.60,2,4069.40,4,4069.30,2,4068.90,1,4068.80,4,4068.50,6,4068.40,5,4068.30,5,4070.70,3,4070.80,2,4070.90,3,4071.00,2,4071.10,2,4071.20,2,4071.30,2,4071.40,2,4071.60,2,4071.70,2,Sell,33,32,65,1.00,23.00,1.00,3.20,31.3,4069.30,4071.60,4068.40,4070.30,21,32,53,-11.00,2.00,-16.00,0.70,14.3,0,0,0.4545,22.0000,-63.00,-61.00,4063.88,0.5551,UP,91.00,0.5824,1.1606
20260715 220001 243,4070.30,1,4069.80,4070.70,0.90,4069.80,2,4069.70,2,4069.60,2,4069.40,4,4069.30,2,4068.90,1,4068.80,4,4068.50,6,4068.40,5,4068.30,5,4070.70,3,4070.80,2,4070.90,3,4071.00,2,4071.10,2,4071.20,2,4071.30,2,4071.40,2,4071.60,2,4071.70,2,Sell,33,33,66,0.00,23.00,0.00,3.20,31.3,4069.30,4071.60,4068.40,4070.30,21,32,53,-11.00,2.00,-16.00,0.70,14.3,0,0,0.4545,23.0000,-64.00,-62.00,4063.88,0.5551,UP,91.00,0.5824,1.1606
20260715 220001 258,4069.90,1,4069.70,4070.50,0.80,4069.60,2,4069.40,4,4069.30,2,4068.90,2,4068.80,4,4068.50,1,4068.20,1,4068.00,4,4067.80,5,4067.50,1,4070.50,3,4070.60,3,4070.70,2,4071.00,2,4071.10,2,4071.20,2,4071.30,3,4071.40,3,4071.50,1,4071.60,2,Sell,33,34,67,-1.00,23.00,-1.00,3.20,18.7,4069.30,4071.60,4068.40,4069.90,21,32,53,-11.00,2.00,-16.00,0.70,14.3,0,0,0.4545,0.0000,-65.00,-63.00,4063.84,0.5424,UP,91.00,0.5824,1.1606
20260715 220001 258,4069.90,1,4069.70,4070.50,0.80,4069.60,2,4069.40,4,4069.30,2,4068.90,2,4068.80,4,4068.50,1,4068.20,1,4068.00,4,4067.80,5,4067.50,1,4070.50,3,4070.60,3,4070.70,2,4071.00,2,4071.10,2,4071.20,2,4071.30,3,4071.40,3,4071.50,1,4071.60,2,Sell,33,35,68,-2.00,23.00,-2.00,3.20,18.7,4069.30,4071.60,4068.40,4069.90,21,32,53,-11.00,2.00,-16.00,0.70,14.3,0,0,0.4545,0.0000,-66.00,-64.00,4063.84,0.5424,UP,91.00,0.5824,1.1606
20260715 220001 319,4070.50,1,4069.70,4070.50,0.80,4069.60,2,4069.40,4,4069.30,2,4068.90,2,4068.80,4,4068.50,1,4068.20,1,4068.00,4,4067.80,5,4067.50,1,4070.50,3,4070.60,3,4070.70,2,4071.00,2,4071.10,2,4071.20,2,4071.30,3,4071.40,3,4071.50,1,4071.60,2,Buy,34,35,69,-1.00,23.00,-2.00,3.20,37.5,4069.30,4071.60,4068.40,4070.50,21,32,53,-11.00,2.00,-16.00,0.70,14.3,0,0,0.4545,1.0000,-65.00,-63.00,4063.90,0.5614,UP,91.00,0.5824,1.1606
20260715 220001 428,4070.00,1,4070.00,4070.60,0.60,4070.00,2,4069.80,3,4069.70,2,4069.60,3,4069.40,4,4069.30,2,4068.90,2,4068.80,4,4068.70,1,4068.60,1,4070.70,2,4070.80,3,4070.90,2,4071.00,2,4071.10,2,4071.20,2,4071.30,2,4071.40,2,4071.60,2,4071.70,3,Sell,34,36,70,-2.00,23.00,-2.00,3.20,21.9,4069.30,4071.60,4068.40,4070.00,21,32,53,-11.00,2.00,-16.00,0.70,14.3,0,0,0.4545,0.0000,-66.00,-64.00,4063.85,0.5455,UP,91.00,0.5824,1.1606
20260715 220001 436,4070.60,1,4070.00,4070.60,0.60,4070.00,1,4069.80,2,4069.70,3,4069.60,3,4069.40,4,4069.30,2,4068.90,2,4068.80,4,4068.50,2,4068.40,1,4070.60,1,4070.70,3,4070.80,3,4070.90,2,4071.00,2,4071.10,2,4071.20,2,4071.30,2,4071.40,2,4071.60,2,Buy,35,36,71,-1.00,23.00,-2.00,3.20,40.6,4069.30,4071.60,4068.40,4070.60,21,32,53,-11.00,2.00,-16.00,0.70,14.3,0,0,0.4545,1.0000,-65.00,-63.00,4063.91,0.5646,UP,91.00,0.5824,1.1606
20260715 220001 495,4070.70,1,4070.10,4070.90,0.80,4070.10,2,4070.00,3,4069.90,2,4069.80,2,4069.60,4,4069.40,4,4069.30,2,4068.90,2,4068.80,4,4068.70,1,4070.90,2,4071.00,3,4071.10,2,4071.20,2,4071.30,2,4071.40,2,4071.60,2,4071.70,3,4071.80,5,4071.90,2,Buy,36,36,72,0.00,23.00,-2.00,3.20,43.7,4069.30,4071.60,4068.40,4070.70,21,32,53,-11.00,2.00,-16.00,0.70,14.3,0,0,0.4545,23.0000,-64.00,-62.00,4063.92,0.5678,UP,91.00,0.5824,1.1606
20260715 220001 497,4070.10,1,4070.10,4070.90,0.80,4070.10,2,4070.00,3,4069.90,2,4069.80,2,4069.60,4,4069.40,4,4069.30,2,4068.90,2,4068.80,4,4068.70,1,4070.90,2,4071.00,3,4071.10,2,4071.20,2,4071.30,2,4071.40,2,4071.60,2,4071.70,3,4071.80,5,4071.90,2,Sell,36,37,73,-1.00,23.00,-2.00,3.20,25.0,4069.30,4071.60,4068.40,4070.10,21,32,53,-11.00,2.00,-16.00,0.70,14.3,0,0,0.4545,1.0000,-65.00,-63.00,4063.86,0.5487,UP,91.00,0.5824,1.1606
20260715 220001 498,4070.10,1,4070.10,4070.90,0.80,4070.10,2,4070.00,3,4069.90,2,4069.80,2,4069.60,4,4069.40,4,4069.30,2,4068.90,2,4068.80,4,4068.70,1,4070.90,2,4071.00,3,4071.10,2,4071.20,2,4071.30,2,4071.40,2,4071.60,2,4071.70,3,4071.80,5,4071.90,2,Sell,36,38,74,-2.00,23.00,-2.00,3.20,25.0,4069.30,4071.60,4068.40,4070.10,21,32,53,-11.00,2.00,-16.00,0.70,14.3,0,0,0.4545,0.0000,-66.00,-64.00,4063.86,0.5487,UP,91.00,0.5824,1.1606
20260715 220001 507,4070.70,1,4070.10,4070.90,0.80,4070.10,2,4070.00,3,4069.90,2,4069.80,2,4069.60,4,4069.40,4,4069.30,2,4068.90,2,4068.80,4,4068.70,1,4070.90,2,4071.00,3,4071.10,2,4071.20,2,4071.30,2,4071.40,2,4071.60,2,4071.70,3,4071.80,5,4071.90,2,Buy,37,38,75,-1.00,23.00,-2.00,3.20,43.7,4069.30,4071.60,4068.40,4070.70,21,32,53,-11.00,2.00,-16.00,0.70,14.3,0,0,0.4545,1.0000,-65.00,-63.00,4063.92,0.5678,UP,91.00,0.5824,1.1606
20260715 220001 507,4070.70,1,4070.10,4070.90,0.80,4070.10,2,4070.00,3,4069.90,2,4069.80,2,4069.60,4,4069.40,4,4069.30,2,4068.90,2,4068.80,4,4068.70,1,4070.90,2,4071.00,3,4071.10,2,4071.20,2,4071.30,2,4071.40,2,4071.60,2,4071.70,3,4071.80,5,4071.90,2,Buy,38,38,76,0.00,23.00,-2.00,3.20,43.7,4069.30,4071.60,4068.40,4070.70,21,32,53,-11.00,2.00,-16.00,0.70,14.3,0,0,0.4545,23.0000,-64.00,-62.00,4063.92,0.5678,UP,91.00,0.5824,1.1606
20260715 220001 507,4070.70,1,4070.10,4070.90,0.80,4070.10,2,4070.00,3,4069.90,2,4069.80,2,4069.60,4,4069.40,4,4069.30,2,4068.90,2,4068.80,4,4068.70,1,4070.90,2,4071.00,3,4071.10,2,4071.20,2,4071.30,2,4071.40,2,4071.60,2,4071.70,3,4071.80,5,4071.90,2,Buy,39,38,77,1.00,23.00,-2.00,3.20,43.7,4069.30,4071.60,4068.40,4070.70,21,32,53,-11.00,2.00,-16.00,0.70,14.3,0,0,0.4545,22.0000,-63.00,-61.00,4063.92,0.5678,UP,91.00,0.5824,1.1606
20260715 220001 507,4070.80,1,4070.10,4070.90,0.80,4070.10,2,4070.00,3,4069.90,2,4069.80,2,4069.60,4,4069.40,4,4069.30,2,4068.90,2,4068.80,4,4068.70,1,4070.90,2,4071.00,3,4071.10,2,4071.20,2,4071.30,2,4071.40,2,4071.60,2,4071.70,3,4071.80,5,4071.90,2,Buy,40,38,78,2.00,23.00,-2.00,3.20,46.9,4069.30,4071.60,4068.40,4070.80,21,32,53,-11.00,2.00,-16.00,0.70,14.3,0,0,0.4545,10.5000,-62.00,-60.00,4063.93,0.5709,UP,91.00,0.5824,1.1606
20260715 220001 533,4070.30,1,4070.30,4070.80,0.50,4069.40,1,4069.30,1,4069.10,1,4069.00,1,4068.90,2,4068.80,4,4068.50,2,4068.00,3,4067.70,5,4067.60,5,4070.10,2,4070.20,3,4070.30,3,4070.40,2,4070.50,2,4070.60,3,4070.70,2,4070.80,2,4070.90,3,4071.00,3,Sell,40,39,79,1.00,23.00,-2.00,3.20,31.3,4069.30,4071.60,4068.40,4070.30,21,32,53,-11.00,2.00,-16.00,0.70,14.3,0,0,0.4545,22.0000,-63.00,-61.00,4063.88,0.5551,UP,91.00,0.5824,1.1606
20260715 220001 533,4070.30,1,4070.30,4070.80,0.50,4070.30,5,4070.10,1,4070.00,3,4069.60,4,4069.40,4,4069.30,2,4068.90,3,4068.80,4,4068.70,1,4068.60,1,4070.80,1,4070.90,2,4071.00,2,4071.10,3,4071.20,2,4071.30,2,4071.40,2,4071.60,3,4071.70,3,4071.80,5,Sell,40,40,80,0.00,23.00,-2.00,3.20,31.3,4069.30,4071.60,4068.40,4070.30,21,32,53,-11.00,2.00,-16.00,0.70,14.3,0,0,0.4545,23.0000,-64.00,-62.00,4063.88,0.5551,UP,91.00,0.5824,1.1606
20260715 220001 533,4070.20,1,4070.30,4070.80,0.50,4070.30,5,4070.10,1,4070.00,3,4069.60,4,4069.40,4,4069.30,2,4068.90,3,4068.80,4,4068.70,1,4068.60,1,4070.80,1,4070.90,2,4071.00,2,4071.10,3,4071.20,2,4071.30,2,4071.40,2,4071.60,3,4071.70,3,4071.80,5,Sell,40,41,81,-1.00,23.00,-2.00,3.20,28.1,4069.30,4071.60,4068.40,4070.20,21,32,53,-11.00,2.00,-16.00,0.70,14.3,0,0,0.4545,1.0000,-65.00,-63.00,4063.87,0.5519,UP,91.00,0.5824,1.1606
20260715 220001 573,4070.10,1,4070.30,4070.80,0.50,4070.30,5,4070.10,1,4070.00,3,4069.60,4,4069.40,4,4069.30,2,4068.90,3,4068.80,4,4068.70,1,4068.60,1,4070.80,1,4070.90,2,4071.00,2,4071.10,3,4071.20,2,4071.30,2,4071.40,2,4071.60,3,4071.70,3,4071.80,5,Buy,41,41,82,0.00,23.00,-2.00,3.20,25.0,4069.30,4071.60,4068.40,4070.10,21,32,53,-11.00,2.00,-16.00,0.70,14.3,0,0,0.4545,23.0000,-64.00,-62.00,4063.86,0.5487,UP,91.00,0.5824,1.1606
20260715 220001 585,4070.30,1,4070.30,4070.80,0.50,4070.30,5,4070.10,1,4070.00,3,4069.60,4,4069.40,4,4069.30,2,4068.90,3,4068.80,4,4068.70,1,4068.60,1,4070.80,1,4070.90,2,4071.00,2,4071.10,3,4071.20,2,4071.30,2,4071.40,2,4071.60,3,4071.70,3,4071.80,5,Buy,42,41,83,1.00,23.00,-2.00,3.20,31.3,4069.30,4071.60,4068.40,4070.30,21,32,53,-11.00,2.00,-16.00,0.70,14.3,0,0,0.4545,22.0000,-63.00,-61.00,4063.88,0.5551,UP,91.00,0.5824,1.1606
20260715 220001 588,4070.30,1,4070.30,4070.80,0.50,4070.30,5,4070.10,1,4070.00,3,4069.60,4,4069.40,4,4069.30,2,4068.90,3,4068.80,4,4068.70,1,4068.60,1,4070.80,1,4070.90,2,4071.00,2,4071.10,3,4071.20,2,4071.30,2,4071.40,2,4071.60,3,4071.70,3,4071.80,5,Sell,42,42,84,0.00,23.00,-2.00,3.20,31.3,4069.30,4071.60,4068.40,4070.30,21,32,53,-11.00,2.00,-16.00,0.70,14.3,0,0,0.4545,23.0000,-64.00,-62.00,4063.88,0.5551,UP,91.00,0.5824,1.1606
20260715 220001 616,4070.30,1,4070.30,4070.90,0.60,4070.30,5,4070.10,1,4070.00,3,4069.60,4,4069.40,4,4069.30,2,4068.90,2,4068.80,4,4068.70,1,4068.60,1,4070.90,2,4071.00,2,4071.10,3,4071.20,2,4071.30,2,4071.40,2,4071.60,2,4071.70,3,4071.80,5,4071.90,2,Sell,42,43,85,-1.00,23.00,-2.00,3.20,31.3,4069.30,4071.60,4068.40,4070.30,21,32,53,-11.00,2.00,-16.00,0.70,14.3,0,0,0.4545,1.0000,-65.00,-63.00,4063.88,0.5551,UP,91.00,0.5824,1.1606
20260715 220001 646,4070.20,1,4070.30,4070.90,0.60,4070.30,5,4070.10,1,4070.00,3,4069.60,4,4069.40,4,4069.30,2,4068.90,2,4068.80,4,4068.70,1,4068.60,1,4070.90,2,4071.00,2,4071.10,3,4071.20,2,4071.30,2,4071.40,2,4071.60,2,4071.70,3,4071.80,5,4071.90,2,Sell,42,44,86,-2.00,23.00,-2.00,3.20,28.1,4069.30,4071.60,4068.40,4070.20,21,32,53,-11.00,2.00,-16.00,0.70,14.3,0,0,0.4545,0.0000,-66.00,-64.00,4063.87,0.5519,UP,91.00,0.5824,1.1606
20260715 220001 834,4071.10,1,4070.50,4071.10,0.60,4070.50,5,4070.30,1,4069.70,1,4069.60,4,4069.40,4,4069.30,2,4068.90,2,4068.80,4,4068.70,1,4068.60,1,4071.10,2,4071.20,2,4071.30,3,4071.40,2,4071.60,2,4071.70,2,4071.80,4,4071.90,2,4072.00,8,4072.10,5,Buy,43,44,87,-1.00,23.00,-2.00,3.20,56.2,4069.30,4071.60,4068.40,4071.10,21,32,53,-11.00,2.00,-16.00,0.70,14.3,0,0,0.4545,1.0000,-65.00,-63.00,4063.95,0.5805,UP,91.00,0.5824,1.1606
20260715 220001 981,4070.50,1,4070.50,4070.80,0.30,4070.50,3,4070.30,1,4069.70,1,4069.60,4,4069.40,4,4069.30,2,4068.90,2,4068.80,4,4068.70,1,4068.60,1,4070.80,2,4071.10,3,4071.20,2,4071.30,2,4071.40,2,4071.60,2,4071.70,2,4071.80,4,4071.90,2,4072.00,8,Sell,43,45,88,-2.00,23.00,-2.00,3.20,37.5,4069.30,4071.60,4068.40,4070.50,21,32,53,-11.00,2.00,-16.00,0.70,14.3,0,0,0.4545,0.0000,-66.00,-64.00,4063.90,0.5614,UP,91.00,0.5824,1.1606
20260715 220002 043,4070.50,1,4070.50,4070.80,0.30,4070.50,2,4070.30,1,4069.80,1,4069.70,1,4069.60,4,4069.40,4,4069.30,2,4068.90,2,4068.80,4,4068.70,1,4070.80,2,4070.90,1,4071.10,3,4071.20,2,4071.30,2,4071.40,2,4071.60,2,4071.70,2,4071.80,4,4071.90,2,Sell,43,46,89,-3.00,23.00,-3.00,3.20,37.5,4069.30,4071.60,4068.40,4070.50,21,32,53,-11.00,2.00,-16.00,0.70,14.3,0,0,0.4545,0.0000,-67.00,-65.00,4063.90,0.5614,UP,91.00,0.5824,1.1606
20260715 220002 100,4070.80,2,4070.50,4071.10,0.60,4070.50,2,4070.30,1,4069.70,3,4069.60,4,4069.40,4,4069.30,2,4068.90,2,4068.80,4,4068.70,1,4068.60,1,4071.10,3,4071.20,2,4071.30,2,4071.40,2,4071.60,2,4071.70,2,4071.80,4,4071.90,2,4072.00,8,4072.10,5,Buy,45,46,91,-1.00,23.00,-3.00,3.20,46.9,4069.30,4071.60,4068.40,4070.80,21,32,53,-11.00,2.00,-16.00,0.70,14.3,0,0,0.4545,2.0000,-65.00,-63.00,4063.93,0.5709,UP,91.00,0.5824,1.1606
20260715 220003 004,4071.10,1,4070.50,4071.10,0.60,4070.50,2,4070.30,1,4069.70,2,4069.60,4,4069.40,4,4069.30,2,4068.90,2,4068.80,4,4068.70,1,4068.60,1,4071.10,2,4071.20,3,4071.30,2,4071.40,2,4071.60,2,4071.70,2,4071.80,4,4071.90,2,4072.00,8,4072.10,5,Buy,46,46,92,0.00,23.00,-3.00,3.20,56.2,4069.30,4071.60,4068.40,4071.10,21,32,53,-11.00,2.00,-16.00,0.70,14.3,0,0,0.4545,23.0000,-64.00,-62.00,4063.95,0.5805,UP,91.00,0.5824,1.1606
20260715 220003 083,4071.00,1,4070.50,4071.00,0.50,4070.50,2,4070.30,1,4069.70,2,4069.60,4,4069.40,4,4069.30,2,4068.90,2,4068.80,4,4068.70,1,4068.60,1,4071.10,2,4071.20,3,4071.30,2,4071.40,2,4071.60,2,4071.70,2,4071.80,4,4071.90,2,4072.00,8,4072.10,5,Buy,47,46,93,1.00,23.00,-3.00,3.20,53.1,4069.30,4071.60,4068.40,4071.00,21,32,53,-11.00,2.00,-16.00,0.70,14.3,0,0,0.4545,22.0000,-63.00,-61.00,4063.94,0.5773,UP,91.00,0.5824,1.1606
20260715 220003 596,4070.50,2,4070.50,4070.90,0.40,4070.50,2,4070.30,1,4069.70,2,4069.60,4,4069.40,4,4069.30,2,4068.90,2,4068.80,4,4068.70,1,4068.60,1,4071.00,3,4071.10,2,4071.20,3,4071.30,2,4071.40,2,4071.60,2,4071.70,2,4071.80,4,4071.90,2,4072.00,9,Sell,47,48,95,-1.00,23.00,-3.00,3.20,37.5,4069.30,4071.60,4068.40,4070.50,21,32,53,-11.00,2.00,-16.00,0.70,14.3,0,0,0.4545,2.0000,-65.00,-63.00,4063.90,0.5614,UP,91.00,0.5824,1.1606
20260715 220004 039,4070.80,1,4070.30,4070.70,0.40,4070.30,1,4069.80,1,4069.70,2,4069.60,4,4069.40,4,4069.30,2,4069.00,2,4068.90,3,4068.80,5,4068.70,1,4070.70,2,4070.80,2,4070.90,4,4071.00,3,4071.20,2,4071.30,2,4071.40,2,4071.60,2,4071.70,3,4071.80,4,Buy,48,48,96,0.00,23.00,-3.00,3.20,46.9,4069.30,4071.60,4068.40,4070.80,21,32,53,-11.00,2.00,-16.00,0.70,14.3,0,0,0.4545,23.0000,-64.00,-62.00,4063.93,0.5709,UP,91.00,0.5824,1.1606
20260715 220004 040,4070.70,1,4070.30,4070.70,0.40,4070.30,1,4069.80,1,4069.70,2,4069.60,4,4069.40,4,4069.30,2,4069.00,2,4068.90,3,4068.80,5,4068.70,1,4070.70,2,4070.80,2,4070.90,4,4071.00,3,4071.20,2,4071.30,2,4071.40,2,4071.60,2,4071.70,3,4071.80,4,Buy,49,48,97,1.00,23.00,-3.00,3.20,43.7,4069.30,4071.60,4068.40,4070.70,21,32,53,-11.00,2.00,-16.00,0.70,14.3,0,0,0.4545,22.0000,-63.00,-61.00,4063.92,0.5678,UP,91.00,0.5824,1.1606
20260715 220004 040,4070.70,1,4070.30,4070.70,0.40,4070.30,1,4069.80,1,4069.70,2,4069.60,4,4069.40,4,4069.30,2,4069.00,2,4068.90,3,4068.80,5,4068.70,1,4070.70,2,4070.80,2,4070.90,4,4071.00,3,4071.20,2,4071.30,2,4071.40,2,4071.60,2,4071.70,3,4071.80,4,Buy,50,48,98,2.00,23.00,-3.00,3.20,43.7,4069.30,4071.60,4068.40,4070.70,21,32,53,-11.00,2.00,-16.00,0.70,14.3,0,0,0.4545,10.5000,-62.00,-60.00,4063.92,0.5678,UP,91.00,0.5824,1.1606
20260715 220004 041,4070.70,1,4070.30,4070.70,0.40,4070.30,1,4069.80,1,4069.70,2,4069.60,4,4069.40,4,4069.30,2,4069.00,2,4068.90,3,4068.80,5,4068.70,1,4070.70,2,4070.80,2,4070.90,4,4071.00,3,4071.20,2,4071.30,2,4071.40,2,4071.60,2,4071.70,3,4071.80,4,Buy,51,48,99,3.00,23.00,-3.00,3.20,43.7,4069.30,4071.60,4068.40,4070.70,21,32,53,-11.00,2.00,-16.00,0.70,14.3,0,0,0.4545,6.6667,-61.00,-59.00,4063.92,0.5678,UP,91.00,0.5824,1.1606
20260715 220004 041,4070.70,1,4070.30,4070.70,0.40,4070.30,1,4069.80,1,4069.70,2,4069.60,4,4069.40,4,4069.30,2,4069.00,2,4068.90,3,4068.80,5,4068.70,1,4070.70,2,4070.80,2,4070.90,4,4071.00,3,4071.20,2,4071.30,2,4071.40,2,4071.60,2,4071.70,3,4071.80,4,Buy,52,48,100,4.00,23.00,-3.00,3.20,43.7,4069.30,4071.60,4068.40,4070.70,21,32,53,-11.00,2.00,-16.00,0.70,14.3,0,0,0.4545,4.7500,-60.00,-58.00,4063.92,0.5678,UP,91.00,0.5824,1.1606
20260715 220004 041,4070.80,1,4070.30,4070.70,0.40,4070.30,1,4069.80,1,4069.70,2,4069.60,4,4069.40,4,4069.30,2,4069.00,2,4068.90,3,4068.80,5,4068.70,1,4070.70,2,4070.80,2,4070.90,4,4071.00,3,4071.20,2,4071.30,2,4071.40,2,4071.60,2,4071.70,3,4071.80,4,Buy,53,48,101,5.00,23.00,-3.00,3.20,46.9,4069.30,4071.60,4068.40,4070.80,21,32,53,-11.00,2.00,-16.00,0.70,14.3,0,0,0.4545,3.6000,-59.00,-57.00,4063.93,0.5709,UP,91.00,0.5824,1.1606
20260715 220004 041,4070.80,1,4070.30,4070.70,0.40,4070.30,1,4069.80,1,4069.70,2,4069.60,4,4069.40,4,4069.30,2,4069.00,2,4068.90,3,4068.80,5,4068.70,1,4070.70,2,4070.80,2,4070.90,4,4071.00,3,4071.20,2,4071.30,2,4071.40,2,4071.60,2,4071.70,3,4071.80,4,Buy,54,48,102,6.00,23.00,-3.00,3.20,46.9,4069.30,4071.60,4068.40,4070.80,21,32,53,-11.00,2.00,-16.00,0.70,14.3,0,0,0.4545,2.8333,-58.00,-56.00,4063.93,0.5709,UP,91.00,0.5824,1.1606
20260715 220004 042,4070.70,1,4070.30,4070.70,0.40,4070.30,1,4069.80,1,4069.70,2,4069.60,4,4069.40,4,4069.30,2,4069.00,2,4068.90,3,4068.80,5,4068.70,1,4070.70,2,4070.80,2,4070.90,4,4071.00,3,4071.20,2,4071.30,2,4071.40,2,4071.60,2,4071.70,3,4071.80,4,Buy,55,48,103,7.00,23.00,-3.00,3.20,43.7,4069.30,4071.60,4068.40,4070.70,21,32,53,-11.00,2.00,-16.00,0.70,14.3,0,0,0.4545,2.2857,-57.00,-55.00,4063.92,0.5678,UP,91.00,0.5824,1.1606
20260715 220004 042,4070.70,1,4070.30,4070.70,0.40,4070.30,1,4069.80,1,4069.70,2,4069.60,4,4069.40,4,4069.30,2,4069.00,2,4068.90,3,4068.80,5,4068.70,1,4070.70,2,4070.80,2,4070.90,4,4071.00,3,4071.20,2,4071.30,2,4071.40,2,4071.60,2,4071.70,3,4071.80,4,Buy,56,48,104,8.00,23.00,-3.00,3.20,43.7,4069.30,4071.60,4068.40,4070.70,21,32,53,-11.00,2.00,-16.00,0.70,14.3,0,0,0.4545,1.8750,-56.00,-54.00,4063.92,0.5678,UP,91.00,0.5824,1.1606
20260715 220004 042,4070.80,1,4070.30,4070.70,0.40,4070.30,1,4069.80,1,4069.70,2,4069.60,4,4069.40,4,4069.30,2,4069.00,2,4068.90,3,4068.80,5,4068.70,1,4070.70,2,4070.80,2,4070.90,4,4071.00,3,4071.20,2,4071.30,2,4071.40,2,4071.60,2,4071.70,3,4071.80,4,Buy,57,48,105,9.00,23.00,-3.00,3.20,46.9,4069.30,4071.60,4068.40,4070.80,21,32,53,-11.00,2.00,-16.00,0.70,14.3,0,0,0.4545,1.5556,-55.00,-53.00,4063.93,0.5709,UP,91.00,0.5824,1.1606
20260715 220004 042,4070.80,1,4070.30,4070.70,0.40,4070.30,1,4069.80,1,4069.70,2,4069.60,4,4069.40,4,4069.30,2,4069.00,2,4068.90,3,4068.80,5,4068.70,1,4070.70,2,4070.80,2,4070.90,4,4071.00,3,4071.20,2,4071.30,2,4071.40,2,4071.60,2,4071.70,3,4071.80,4,Buy,58,48,106,10.00,23.00,-3.00,3.20,46.9,4069.30,4071.60,4068.40,4070.80,21,32,53,-11.00,2.00,-16.00,0.70,14.3,0,0,0.4545,1.3000,-54.00,-52.00,4063.93,0.5709,UP,91.00,0.5824,1.1606
20260715 220004 043,4070.80,1,4070.30,4070.70,0.40,4070.30,1,4069.80,1,4069.70,2,4069.60,4,4069.40,4,4069.30,2,4069.00,2,4068.90,3,4068.80,5,4068.70,1,4070.70,2,4070.80,2,4070.90,4,4071.00,3,4071.20,2,4071.30,2,4071.40,2,4071.60,2,4071.70,3,4071.80,4,Buy,59,48,107,11.00,23.00,-3.00,3.20,46.9,4069.30,4071.60,4068.40,4070.80,21,32,53,-11.00,2.00,-16.00,0.70,14.3,0,0,0.4545,1.0909,-53.00,-51.00,4063.93,0.5709,UP,91.00,0.5824,1.1606
20260715 220004 875,4070.70,2,4070.20,4070.70,0.50,4070.20,1,4070.10,2,4069.90,3,4069.80,1,4069.70,1,4069.60,4,4069.40,4,4069.30,2,4068.90,2,4068.80,5,4070.70,2,4070.90,2,4071.00,3,4071.20,3,4071.30,2,4071.40,2,4071.60,2,4071.70,3,4071.80,4,4071.90,3,Buy,61,48,109,13.00,23.00,-3.00,3.20,43.7,4069.30,4071.60,4068.40,4070.70,21,32,53,-11.00,2.00,-16.00,0.70,14.3,0,0,0.4545,0.7692,-51.00,-49.00,4063.92,0.5678,UP,91.00,0.5824,1.1606
20260715 220005 248,4070.80,1,4070.20,4070.80,0.60,4070.20,2,4070.10,4,4070.00,2,4069.60,4,4069.40,4,4069.30,2,4069.00,1,4068.90,3,4068.80,5,4068.70,1,4070.80,1,4070.90,2,4071.00,3,4071.20,3,4071.30,2,4071.40,2,4071.60,2,4071.70,3,4071.80,4,4071.90,3,Buy,62,48,110,14.00,23.00,-3.00,3.20,46.9,4069.30,4071.60,4068.40,4070.80,21,32,53,-11.00,2.00,-16.00,0.70,14.3,0,0,0.4545,0.6429,-50.00,-48.00,4063.93,0.5709,UP,91.00,0.5824,1.1606
20260715 220006 170,4070.20,1,4070.20,4070.80,0.60,4070.20,2,4070.10,3,4069.70,2,4069.60,4,4069.40,4,4069.30,2,4069.00,1,4068.90,3,4068.80,5,4068.70,1,4070.80,2,4070.90,2,4071.00,3,4071.20,3,4071.30,2,4071.40,2,4071.60,2,4071.70,3,4071.80,4,4071.90,3,Sell,62,49,111,13.00,23.00,-3.00,3.20,28.1,4069.30,4071.60,4068.40,4070.20,21,32,53,-11.00,2.00,-16.00,0.70,14.3,0,0,0.4545,0.7692,-51.00,-49.00,4063.87,0.5519,UP,91.00,0.5824,1.1606
20260715 220006 444,4070.20,1,4070.10,4070.80,0.70,4070.10,4,4069.90,2,4069.80,2,4069.60,4,4069.40,4,4069.30,2,4068.90,3,4068.80,5,4068.70,1,4068.60,1,4070.80,1,4070.90,2,4071.00,3,4071.20,3,4071.30,2,4071.40,2,4071.60,2,4071.70,3,4071.80,4,4071.90,3,Sell,62,50,112,12.00,23.00,-3.00,3.20,28.1,4069.30,4071.60,4068.40,4070.20,21,32,53,-11.00,2.00,-16.00,0.70,14.3,0,0,0.4545,0.9167,-52.00,-50.00,4063.87,0.5519,UP,91.00,0.5824,1.1606
20260715 220006 444,4070.20,1,4070.10,4070.80,0.70,4070.10,4,4069.90,2,4069.80,2,4069.60,4,4069.40,4,4069.30,2,4068.90,3,4068.80,5,4068.70,1,4068.60,1,4070.80,1,4070.90,2,4071.00,3,4071.20,3,4071.30,2,4071.40,2,4071.60,2,4071.70,3,4071.80,4,4071.90,3,Sell,62,51,113,11.00,23.00,-3.00,3.20,28.1,4069.30,4071.60,4068.40,4070.20,21,32,53,-11.00,2.00,-16.00,0.70,14.3,0,0,0.4545,1.0909,-53.00,-51.00,4063.87,0.5519,UP,91.00,0.5824,1.1606
20260715 220006 444,4070.20,1,4070.10,4070.80,0.70,4070.10,4,4069.90,2,4069.80,2,4069.60,4,4069.40,4,4069.30,2,4068.90,3,4068.80,5,4068.70,1,4068.60,1,4070.80,1,4070.90,2,4071.00,3,4071.20,3,4071.30,2,4071.40,2,4071.60,2,4071.70,3,4071.80,4,4071.90,3,Sell,62,52,114,10.00,23.00,-3.00,3.20,28.1,4069.30,4071.60,4068.40,4070.20,21,32,53,-11.00,2.00,-16.00,0.70,14.3,0,0,0.4545,1.3000,-54.00,-52.00,4063.87,0.5519,UP,91.00,0.5824,1.1606
20260715 220007 920,4070.60,1,4070.20,4070.60,0.40,4070.20,2,4069.90,1,4069.80,2,4069.60,4,4069.40,4,4069.30,2,4069.00,1,4068.90,3,4068.80,5,4068.70,1,4070.60,1,4070.90,2,4071.00,3,4071.20,3,4071.30,2,4071.40,2,4071.60,2,4071.70,3,4071.80,4,4071.90,3,Buy,63,52,115,11.00,23.00,-3.00,3.20,40.6,4069.30,4071.60,4068.40,4070.60,21,32,53,-11.00,2.00,-16.00,0.70,14.3,0,0,0.4545,1.0909,-53.00,-51.00,4063.91,0.5646,UP,91.00,0.5824,1.1606
20260715 220008 499,4070.20,1,4070.00,4070.60,0.60,4070.00,4,4069.90,2,4069.80,2,4069.60,4,4069.40,4,4069.30,2,4068.90,3,4068.80,5,4068.70,1,4068.60,1,4070.60,1,4070.90,2,4071.00,3,4071.20,3,4071.30,2,4071.40,2,4071.60,2,4071.70,3,4071.80,4,4071.90,3,Sell,63,53,116,10.00,23.00,-3.00,3.20,28.1,4069.30,4071.60,4068.40,4070.20,21,32,53,-11.00,2.00,-16.00,0.70,14.3,0,0,0.4545,1.3000,-54.00,-52.00,4063.87,0.5519,UP,91.00,0.5824,1.1606
20260715 220008 499,4070.20,1,4070.00,4070.60,0.60,4070.00,4,4069.90,2,4069.80,2,4069.60,4,4069.40,4,4069.30,2,4068.90,3,4068.80,5,4068.70,1,4068.60,1,4070.60,1,4070.90,2,4071.00,3,4071.20,3,4071.30,2,4071.40,2,4071.60,2,4071.70,3,4071.80,4,4071.90,3,Sell,63,54,117,9.00,23.00,-3.00,3.20,28.1,4069.30,4071.60,4068.40,4070.20,21,32,53,-11.00,2.00,-16.00,0.70,14.3,0,0,0.4545,1.5556,-55.00,-53.00,4063.87,0.5519,UP,91.00,0.5824,1.1606
20260715 220008 560,4070.60,1,4070.20,4070.80,0.60,4070.20,2,4070.10,3,4070.00,3,4069.60,4,4069.40,4,4069.30,2,4069.00,1,4068.90,3,4068.80,5,4068.70,1,4070.80,1,4070.90,2,4071.00,3,4071.20,3,4071.30,2,4071.40,2,4071.60,2,4071.70,3,4071.80,4,4071.90,3,Buy,64,54,118,10.00,23.00,-3.00,3.20,40.6,4069.30,4071.60,4068.40,4070.60,21,32,53,-11.00,2.00,-16.00,0.70,14.3,0,0,0.4545,1.3000,-54.00,-52.00,4063.91,0.5646,UP,91.00,0.5824,1.1606
20260715 220009 179,4070.80,1,4070.70,4071.20,0.50,4071.00,1,4070.90,2,4070.80,3,4070.70,2,4070.60,3,4070.50,3,4070.40,1,4070.30,3,4070.00,4,4069.90,1,4071.60,3,4071.70,2,4071.80,3,4072.00,4,4072.20,2,4072.30,1,4072.40,10,4072.50,2,4072.70,2,4072.90,5,Buy,65,54,119,11.00,23.00,-3.00,3.20,46.9,4069.30,4071.60,4068.40,4070.80,21,32,53,-11.00,2.00,-16.00,0.70,14.3,0,0,0.4545,1.0909,-53.00,-51.00,4063.93,0.5709,UP,91.00,0.5824,1.1606
20260715 220009 179,4070.90,1,4070.70,4071.20,0.50,4071.00,1,4070.90,2,4070.80,3,4070.70,2,4070.60,3,4070.50,3,4070.40,1,4070.30,3,4070.00,4,4069.90,1,4071.60,3,4071.70,2,4071.80,3,4072.00,4,4072.20,2,4072.30,1,4072.40,10,4072.50,2,4072.70,2,4072.90,5,Buy,66,54,120,12.00,23.00,-3.00,3.20,50.0,4069.30,4071.60,4068.40,4070.90,21,32,53,-11.00,2.00,-16.00,0.70,14.3,0,0,0.4545,0.9167,-52.00,-50.00,4063.93,0.5741,UP,91.00,0.5824,1.1606
20260715 220009 181,4071.00,2,4070.70,4071.20,0.50,4071.00,1,4070.90,2,4070.80,3,4070.70,2,4070.60,3,4070.50,3,4070.40,1,4070.30,3,4070.00,4,4069.90,1,4071.60,3,4071.70,2,4071.80,3,4072.00,4,4072.20,2,4072.30,1,4072.40,10,4072.50,2,4072.70,2,4072.90,5,Buy,68,54,122,14.00,23.00,-3.00,3.20,53.1,4069.30,4071.60,4068.40,4071.00,21,32,53,-11.00,2.00,-16.00,0.70,14.3,0,0,0.4545,0.6429,-50.00,-48.00,4063.94,0.5773,UP,91.00,0.5824,1.1606
20260715 220009 181,4071.20,1,4070.70,4071.20,0.50,4071.00,1,4070.90,2,4070.80,3,4070.70,2,4070.60,3,4070.50,3,4070.40,1,4070.30,3,4070.00,4,4069.90,1,4071.60,3,4071.70,2,4071.80,3,4072.00,4,4072.20,2,4072.30,1,4072.40,10,4072.50,2,4072.70,2,4072.90,5,Buy,69,54,123,15.00,23.00,-3.00,3.20,59.4,4069.30,4071.60,4068.40,4071.20,21,32,53,-11.00,2.00,-16.00,0.70,14.3,0,0,0.4545,0.5333,-49.00,-47.00,4063.96,0.5836,UP,91.00,0.5824,1.1606
20260715 220009 522,4071.00,1,4070.90,4071.60,0.70,4070.90,2,4070.80,3,4070.70,2,4070.60,4,4070.50,2,4070.40,1,4070.30,4,4070.00,5,4069.90,1,4069.80,1,4071.60,3,4071.70,2,4071.80,3,4072.00,4,4072.20,3,4072.30,1,4072.40,10,4072.50,2,4072.70,2,4072.80,1,Sell,69,55,124,14.00,23.00,-3.00,3.20,53.1,4069.30,4071.60,4068.40,4071.00,21,32,53,-11.00,2.00,-16.00,0.70,14.3,0,0,0.4545,0.6429,-50.00,-48.00,4063.94,0.5773,UP,91.00,0.5824,1.1606
20260715 220009 843,4071.60,1,4071.00,4071.60,0.60,4071.00,2,4070.90,2,4070.80,4,4070.70,2,4070.60,3,4070.50,2,4070.40,1,4070.30,4,4070.00,5,4069.90,1,4072.20,2,4072.30,1,4072.40,10,4072.50,2,4072.70,2,4072.80,1,4072.90,5,4073.00,6,4073.10,5,4073.20,6,Buy,70,55,125,15.00,23.00,-3.00,3.20,71.9,4069.30,4071.60,4068.40,4071.60,21,32,53,-11.00,2.00,-16.00,0.70,14.3,0,0,0.4545,0.5333,-49.00,-47.00,4064.00,0.5963,UP,91.00,0.5824,1.1606
20260715 220009 843,4071.60,1,4071.00,4071.60,0.60,4071.00,2,4070.90,2,4070.80,4,4070.70,2,4070.60,3,4070.50,2,4070.40,1,4070.30,4,4070.00,5,4069.90,1,4072.20,2,4072.30,1,4072.40,10,4072.50,2,4072.70,2,4072.80,1,4072.90,5,4073.00,6,4073.10,5,4073.20,6,Buy,71,55,126,16.00,23.00,-3.00,3.20,71.9,4069.30,4071.60,4068.40,4071.60,21,32,53,-11.00,2.00,-16.00,0.70,14.3,0,0,0.4545,0.4375,-48.00,-46.00,4064.00,0.5963,UP,91.00,0.5824,1.1606
20260715 220009 843,4071.60,1,4071.00,4071.60,0.60,4071.00,2,4070.90,2,4070.80,4,4070.70,2,4070.60,3,4070.50,2,4070.40,1,4070.30,4,4070.00,5,4069.90,1,4072.20,2,4072.30,1,4072.40,10,4072.50,2,4072.70,2,4072.80,1,4072.90,5,4073.00,6,4073.10,5,4073.20,6,Buy,72,55,127,17.00,23.00,-3.00,3.20,71.9,4069.30,4071.60,4068.40,4071.60,21,32,53,-11.00,2.00,-16.00,0.70,14.3,0,0,0.4545,0.3529,-47.00,-45.00,4064.00,0.5963,UP,91.00,0.5824,1.1606
20260715 220009 843,4071.70,1,4071.00,4071.60,0.60,4071.00,2,4070.90,2,4070.80,4,4070.70,2,4070.60,3,4070.50,2,4070.40,1,4070.30,4,4070.00,5,4069.90,1,4072.20,2,4072.30,1,4072.40,10,4072.50,2,4072.70,2,4072.80,1,4072.90,5,4073.00,6,4073.10,5,4073.20,6,Buy,73,55,128,18.00,23.00,-3.00,3.30,72.7,4069.30,4071.70,4068.40,4071.70,21,32,53,-11.00,2.00,-16.00,0.70,14.3,0,0,0.4545,0.2778,-46.00,-44.00,4064.01,0.5995,UP,91.00,0.5824,1.1677
20260715 220009 843,4071.70,1,4071.00,4071.60,0.60,4071.00,2,4070.90,2,4070.80,4,4070.70,2,4070.60,3,4070.50,2,4070.40,1,4070.30,4,4070.00,5,4069.90,1,4072.20,2,4072.30,1,4072.40,10,4072.50,2,4072.70,2,4072.80,1,4072.90,5,4073.00,6,4073.10,5,4073.20,6,Buy,74,55,129,19.00,23.00,-3.00,3.30,72.7,4069.30,4071.70,4068.40,4071.70,21,32,53,-11.00,2.00,-16.00,0.70,14.3,0,0,0.4545,0.2105,-45.00,-43.00,4064.01,0.5995,UP,91.00,0.5824,1.1677
20260715 220009 843,4071.80,1,4071.00,4071.60,0.60,4071.00,2,4070.90,2,4070.80,4,4070.70,2,4070.60,3,4070.50,2,4070.40,1,4070.30,4,4070.00,5,4069.90,1,4072.20,2,4072.30,1,4072.40,10,4072.50,2,4072.70,2,4072.80,1,4072.90,5,4073.00,6,4073.10,5,4073.20,6,Buy,75,55,130,20.00,23.00,-3.00,3.40,73.5,4069.30,4071.80,4068.40,4071.80,21,32,53,-11.00,2.00,-16.00,0.70,14.3,0,0,0.4545,0.1500,-44.00,-42.00,4064.02,0.6027,UP,91.00,0.5824,1.1749
20260715 220009 843,4071.80,1,4071.00,4071.60,0.60,4071.00,2,4070.90,2,4070.80,4,4070.70,2,4070.60,3,4070.50,2,4070.40,1,4070.30,4,4070.00,5,4069.90,1,4072.20,2,4072.30,1,4072.40,10,4072.50,2,4072.70,2,4072.80,1,4072.90,5,4073.00,6,4073.10,5,4073.20,6,Buy,76,55,131,21.00,23.00,-3.00,3.40,73.5,4069.30,4071.80,4068.40,4071.80,21,32,53,-11.00,2.00,-16.00,0.70,14.3,0,0,0.4545,0.0952,-43.00,-41.00,4064.02,0.6027,UP,91.00,0.5824,1.1749
20260715 220009 843,4071.80,1,4071.00,4071.60,0.60,4071.00,2,4070.90,2,4070.80,4,4070.70,2,4070.60,3,4070.50,2,4070.40,1,4070.30,4,4070.00,5,4069.90,1,4072.20,2,4072.30,1,4072.40,10,4072.50,2,4072.70,2,4072.80,1,4072.90,5,4073.00,6,4073.10,5,4073.20,6,Buy,77,55,132,22.00,23.00,-3.00,3.40,73.5,4069.30,4071.80,4068.40,4071.80,21,32,53,-11.00,2.00,-16.00,0.70,14.3,0,0,0.4545,0.0455,-42.00,-40.00,4064.02,0.6027,UP,91.00,0.5824,1.1749
20260715 220009 843,4072.00,1,4071.00,4071.60,0.60,4071.00,2,4070.90,2,4070.80,4,4070.70,2,4070.60,3,4070.50,2,4070.40,1,4070.30,4,4070.00,5,4069.90,1,4072.20,2,4072.30,1,4072.40,10,4072.50,2,4072.70,2,4072.80,1,4072.90,5,4073.00,6,4073.10,5,4073.20,6,Buy,78,55,133,23.00,23.00,-3.00,3.60,75.0,4069.30,4072.00,4068.40,4072.00,21,32,53,-11.00,2.00,-16.00,0.70,14.3,0,0,0.4545,0.0000,-41.00,-39.00,4064.04,0.6090,UP,91.00,0.5824,1.1892
20260715 220009 843,4072.00,1,4071.00,4071.60,0.60,4071.00,2,4070.90,2,4070.80,4,4070.70,2,4070.60,3,4070.50,2,4070.40,1,4070.30,4,4070.00,5,4069.90,1,4072.20,2,4072.30,1,4072.40,10,4072.50,2,4072.70,2,4072.80,1,4072.90,5,4073.00,6,4073.10,5,4073.20,6,Buy,79,55,134,24.00,24.00,-3.00,3.60,75.0,4069.30,4072.00,4068.40,4072.00,21,32,53,-11.00,2.00,-16.00,0.70,14.3,0,0,0.4545,0.0000,-40.00,-38.00,4064.04,0.6090,UP,91.00,0.5824,1.1892
20260715 220009 843,4072.00,1,4071.00,4071.60,0.60,4071.00,2,4070.90,2,4070.80,4,4070.70,2,4070.60,3,4070.50,2,4070.40,1,4070.30,4,4070.00,5,4069.90,1,4072.20,2,4072.30,1,4072.40,10,4072.50,2,4072.70,2,4072.80,1,4072.90,5,4073.00,6,4073.10,5,4073.20,6,Buy,80,55,135,25.00,25.00,-3.00,3.60,75.0,4069.30,4072.00,4068.40,4072.00,21,32,53,-11.00,2.00,-16.00,0.70,14.3,0,0,0.4545,0.0000,-39.00,-37.00,4064.04,0.6090,UP,91.00,0.5824,1.1892
20260715 220009 843,4072.00,1,4071.00,4071.60,0.60,4071.00,2,4070.90,2,4070.80,4,4070.70,2,4070.60,3,4070.50,2,4070.40,1,4070.30,4,4070.00,5,4069.90,1,4072.20,2,4072.30,1,4072.40,10,4072.50,2,4072.70,2,4072.80,1,4072.90,5,4073.00,6,4073.10,5,4073.20,6,Buy,81,55,136,26.00,26.00,-3.00,3.60,75.0,4069.30,4072.00,4068.40,4072.00,21,32,53,-11.00,2.00,-16.00,0.70,14.3,0,0,0.4545,0.0000,-38.00,-36.00,4064.04,0.6090,UP,91.00,0.5824,1.1892
20260715 220009 915,4071.50,1,4071.30,4071.80,0.50,4071.30,2,4071.20,2,4071.10,3,4071.00,2,4070.90,2,4070.80,2,4070.60,3,4070.40,2,4070.30,4,4070.20,1,4071.80,3,4072.10,2,4072.20,2,4072.30,2,4072.40,11,4072.50,3,4072.70,3,4073.00,1,4073.20,1,4073.30,6,Sell,81,56,137,25.00,26.00,-3.00,3.60,61.1,4069.30,4072.00,4068.40,4071.50,21,32,53,-11.00,2.00,-16.00,0.70,14.3,0,0,0.4545,0.0400,-39.00,-37.00,4063.99,0.5932,UP,91.00,0.5824,1.1892
20260715 220009 915,4071.50,2,4071.30,4071.80,0.50,4071.30,2,4071.20,2,4071.10,3,4071.00,2,4070.90,2,4070.80,2,4070.60,3,4070.40,2,4070.30,4,4070.20,1,4071.80,3,4072.10,2,4072.20,2,4072.30,2,4072.40,11,4072.50,3,4072.70,3,4073.00,1,4073.20,1,4073.30,6,Sell,81,58,139,23.00,26.00,-3.00,3.60,61.1,4069.30,4072.00,4068.40,4071.50,21,32,53,-11.00,2.00,-16.00,0.70,14.3,0,0,0.4545,0.1304,-41.00,-39.00,4063.99,0.5932,UP,91.00,0.5824,1.1892
20260715 220009 916,4071.40,1,4071.30,4071.80,0.50,4071.30,2,4071.20,2,4071.10,3,4071.00,2,4070.90,2,4070.80,2,4070.60,3,4070.40,2,4070.30,4,4070.20,1,4071.80,3,4072.10,2,4072.20,2,4072.30,2,4072.40,11,4072.50,3,4072.70,3,4073.00,1,4073.20,1,4073.30,6,Sell,81,59,140,22.00,26.00,-3.00,3.60,58.3,4069.30,4072.00,4068.40,4071.40,21,32,53,-11.00,2.00,-16.00,0.70,14.3,0,0,0.4545,0.1818,-42.00,-40.00,4063.98,0.5900,UP,91.00,0.5824,1.1892
20260715 220009 918,4071.30,3,4071.30,4071.80,0.50,4071.30,2,4071.20,2,4071.10,3,4071.00,2,4070.90,2,4070.80,2,4070.60,3,4070.40,2,4070.30,4,4070.20,1,4071.80,3,4072.10,2,4072.20,2,4072.30,2,4072.40,11,4072.50,3,4072.70,3,4073.00,1,4073.20,1,4073.30,6,Sell,81,62,143,19.00,26.00,-3.00,3.60,55.6,4069.30,4072.00,4068.40,4071.30,21,32,53,-11.00,2.00,-16.00,0.70,14.3,0,0,0.4545,0.3684,-45.00,-43.00,4063.97,0.5868,UP,91.00,0.5824,1.1892
20260715 220009 918,4071.20,1,4071.30,4071.80,0.50,4071.30,2,4071.20,2,4071.10,3,4071.00,2,4070.90,2,4070.80,2,4070.60,3,4070.40,2,4070.30,4,4070.20,1,4071.80,3,4072.10,2,4072.20,2,4072.30,2,4072.40,11,4072.50,3,4072.70,3,4073.00,1,4073.20,1,4073.30,6,Sell,81,63,144,18.00,26.00,-3.00,3.60,52.8,4069.30,4072.00,4068.40,4071.20,21,32,53,-11.00,2.00,-16.00,0.70,14.3,0,0,0.4545,0.4444,-46.00,-44.00,4063.96,0.5836,UP,91.00,0.5824,1.1892
20260715 220009 918,4071.20,1,4071.30,4071.80,0.50,4071.30,2,4071.20,2,4071.10,3,4071.00,2,4070.90,2,4070.80,2,4070.60,3,4070.40,2,4070.30,4,4070.20,1,4071.80,3,4072.10,2,4072.20,2,4072.30,2,4072.40,11,4072.50,3,4072.70,3,4073.00,1,4073.20,1,4073.30,6,Sell,81,64,145,17.00,26.00,-3.00,3.60,52.8,4069.30,4072.00,4068.40,4071.20,21,32,53,-11.00,2.00,-16.00,0.70,14.3,0,0,0.4545,0.5294,-47.00,-45.00,4063.96,0.5836,UP,91.00,0.5824,1.1892
20260715 220009 918,4071.20,1,4071.30,4071.80,0.50,4071.30,2,4071.20,2,4071.10,3,4071.00,2,4070.90,2,4070.80,2,4070.60,3,4070.40,2,4070.30,4,4070.20,1,4071.80,3,4072.10,2,4072.20,2,4072.30,2,4072.40,11,4072.50,3,4072.70,3,4073.00,1,4073.20,1,4073.30,6,Sell,81,65,146,16.00,26.00,-3.00,3.60,52.8,4069.30,4072.00,4068.40,4071.20,21,32,53,-11.00,2.00,-16.00,0.70,14.3,0,0,0.4545,0.6250,-48.00,-46.00,4063.96,0.5836,UP,91.00,0.5824,1.1892
20260715 220009 919,4071.10,1,4071.30,4071.80,0.50,4071.30,2,4071.20,2,4071.10,3,4071.00,2,4070.90,2,4070.80,2,4070.60,3,4070.40,2,4070.30,4,4070.20,1,4071.80,3,4072.10,2,4072.20,2,4072.30,2,4072.40,11,4072.50,3,4072.70,3,4073.00,1,4073.20,1,4073.30,6,Sell,81,66,147,15.00,26.00,-3.00,3.60,50.0,4069.30,4072.00,4068.40,4071.10,21,32,53,-11.00,2.00,-16.00,0.70,14.3,0,0,0.4545,0.7333,-49.00,-47.00,4063.95,0.5805,UP,91.00,0.5824,1.1892
20260715 220009 971,4071.30,1,4071.00,4071.50,0.50,4071.00,1,4070.90,2,4070.80,2,4070.60,3,4070.50,2,4070.40,2,4070.30,4,4070.10,1,4070.00,5,4069.90,1,4071.50,3,4071.80,2,4072.20,3,4072.30,2,4072.40,11,4072.50,3,4072.70,3,4073.00,6,4073.10,5,4073.20,6,Sell,81,67,148,14.00,26.00,-3.00,3.60,55.6,4069.30,4072.00,4068.40,4071.30,21,32,53,-11.00,2.00,-16.00,0.70,14.3,0,0,0.4545,0.8571,-50.00,-48.00,4063.97,0.5868,UP,91.00,0.5824,1.1892
20260715 220009 971,4071.30,1,4071.00,4071.50,0.50,4071.00,1,4070.90,2,4070.80,2,4070.60,3,4070.50,2,4070.40,2,4070.30,4,4070.10,1,4070.00,5,4069.90,1,4071.50,3,4071.80,2,4072.20,3,4072.30,2,4072.40,11,4072.50,3,4072.70,3,4073.00,6,4073.10,5,4073.20,6,Sell,81,68,149,13.00,26.00,-3.00,3.60,55.6,4069.30,4072.00,4068.40,4071.30,21,32,53,-11.00,2.00,-16.00,0.70,14.3,0,0,0.4545,1.0000,-51.00,-49.00,4063.97,0.5868,UP,91.00,0.5824,1.1892
20260715 220009 971,4071.20,1,4071.00,4071.50,0.50,4071.00,1,4070.90,2,4070.80,2,4070.60,3,4070.50,2,4070.40,2,4070.30,4,4070.10,1,4070.00,5,4069.90,1,4071.50,3,4071.80,2,4072.20,3,4072.30,2,4072.40,11,4072.50,3,4072.70,3,4073.00,6,4073.10,5,4073.20,6,Sell,81,69,150,12.00,26.00,-3.00,3.60,52.8,4069.30,4072.00,4068.40,4071.20,21,32,53,-11.00,2.00,-16.00,0.70,14.3,0,0,0.4545,1.1667,-52.00,-50.00,4063.96,0.5836,UP,91.00,0.5824,1.1892
20260715 220009 973,4071.00,1,4071.00,4071.50,0.50,4071.00,1,4070.90,2,4070.80,2,4070.60,3,4070.50,2,4070.40,2,4070.30,4,4070.10,1,4070.00,5,4069.90,1,4071.50,3,4071.80,2,4072.20,3,4072.30,2,4072.40,11,4072.50,3,4072.70,3,4073.00,6,4073.10,5,4073.20,6,Sell,81,70,151,11.00,26.00,-3.00,3.60,47.2,4069.30,4072.00,4068.40,4071.00,21,32,53,-11.00,2.00,-16.00,0.70,14.3,0,0,0.4545,1.3636,-53.00,-51.00,4063.94,0.5773,UP,91.00,0.5824,1.1892
20260715 220010 465,4071.20,2,4071.00,4071.20,0.20,4071.10,1,4071.00,2,4070.90,2,4070.80,2,4070.70,2,4070.60,3,4070.50,1,4070.40,2,4070.30,4,4070.10,1,4071.50,3,4071.80,3,4072.20,3,4072.30,2,4072.40,12,4072.50,3,4072.70,3,4073.00,6,4073.10,5,4073.20,6,Buy,83,70,153,13.00,26.00,-3.00,3.60,52.8,4069.30,4072.00,4068.40,4071.20,21,32,53,-11.00,2.00,-16.00,0.70,14.3,0,0,0.4545,1.0000,-51.00,-49.00,4063.96,0.5836,UP,91.00,0.5824,1.1892
20260715 220010 554,4071.50,1,4071.20,4071.80,0.60,4071.20,1,4071.10,2,4071.00,3,4070.90,1,4070.80,2,4070.70,2,4070.60,3,4070.40,2,4070.30,5,4070.10,1,4071.80,2,4072.10,3,4072.20,3,4072.30,2,4072.40,12,4072.50,3,4072.70,3,4073.00,1,4073.20,1,4073.30,6,Buy,84,70,154,14.00,26.00,-3.00,3.60,61.1,4069.30,4072.00,4068.40,4071.50,21,32,53,-11.00,2.00,-16.00,0.70,14.3,0,0,0.4545,0.8571,-50.00,-48.00,4063.99,0.5932,UP,91.00,0.5824,1.1892
20260715 220010 554,4071.50,2,4071.20,4071.80,0.60,4071.20,1,4071.10,2,4071.00,3,4070.90,1,4070.80,2,4070.70,2,4070.60,3,4070.40,2,4070.30,5,4070.10,1,4071.80,2,4072.10,3,4072.20,3,4072.30,2,4072.40,12,4072.50,3,4072.70,3,4073.00,1,4073.20,1,4073.30,6,Buy,86,70,156,16.00,26.00,-3.00,3.60,61.1,4069.30,4072.00,4068.40,4071.50,21,32,53,-11.00,2.00,-16.00,0.70,14.3,0,0,0.4545,0.6250,-48.00,-46.00,4063.99,0.5932,UP,91.00,0.5824,1.1892
20260715 220010 554,4071.80,1,4071.20,4071.80,0.60,4071.20,1,4071.10,2,4071.00,3,4070.90,1,4070.80,2,4070.70,2,4070.60,3,4070.40,2,4070.30,5,4070.10,1,4071.80,2,4072.10,3,4072.20,3,4072.30,2,4072.40,12,4072.50,3,4072.70,3,4073.00,1,4073.20,1,4073.30,6,Buy,87,70,157,17.00,26.00,-3.00,3.60,69.4,4069.30,4072.00,4068.40,4071.80,21,32,53,-11.00,2.00,-16.00,0.70,14.3,0,0,0.4545,0.5294,-47.00,-45.00,4064.02,0.6027,UP,91.00,0.5824,1.1892
20260715 220010 554,4071.80,1,4071.20,4071.80,0.60,4071.20,1,4071.10,2,4071.00,3,4070.90,1,4070.80,2,4070.70,2,4070.60,3,4070.40,2,4070.30,5,4070.10,1,4071.80,2,4072.10,3,4072.20,3,4072.30,2,4072.40,12,4072.50,3,4072.70,3,4073.00,1,4073.20,1,4073.30,6,Buy,88,70,158,18.00,26.00,-3.00,3.60,69.4,4069.30,4072.00,4068.40,4071.80,21,32,53,-11.00,2.00,-16.00,0.70,14.3,0,0,0.4545,0.4444,-46.00,-44.00,4064.02,0.6027,UP,91.00,0.5824,1.1892
20260715 220011 875,4071.80,1,4071.10,4071.70,0.60,4071.10,1,4071.00,3,4070.90,1,4070.80,2,4070.70,2,4070.60,3,4070.40,2,4070.30,4,4070.10,1,4070.00,11,4071.70,3,4071.80,2,4072.10,3,4072.20,3,4072.30,2,4072.40,12,4072.50,3,4072.70,3,4072.80,1,4073.00,1,Buy,89,70,159,19.00,26.00,-3.00,3.60,69.4,4069.30,4072.00,4068.40,4071.80,21,32,53,-11.00,2.00,-16.00,0.70,14.3,0,0,0.4545,0.3684,-45.00,-43.00,4064.02,0.6027,UP,91.00,0.5824,1.1892
20260715 220012 199,4071.10,1,4071.10,4071.70,0.60,4071.00,1,4070.90,1,4070.80,2,4070.70,2,4070.60,3,4070.50,2,4070.40,2,4070.30,4,4070.10,1,4070.00,11,4071.60,2,4071.70,3,4071.80,2,4072.10,3,4072.20,3,4072.30,2,4072.40,12,4072.50,3,4072.70,4,4072.80,1,Sell,89,71,160,18.00,26.00,-3.00,3.60,50.0,4069.30,4072.00,4068.40,4071.10,21,32,53,-11.00,2.00,-16.00,0.70,14.3,0,0,0.4545,0.4444,-46.00,-44.00,4063.95,0.5805,UP,91.00,0.5824,1.1892
20260715 220012 718,4071.00,1,4070.90,4071.50,0.60,4070.90,2,4070.80,1,4070.70,1,4070.60,3,4070.40,2,4070.30,4,4070.10,2,4070.00,11,4069.90,1,4069.80,1,4071.50,2,4071.60,2,4071.70,3,4071.80,3,4072.20,3,4072.30,2,4072.40,12,4072.50,3,4072.60,1,4072.70,4,Sell,89,72,161,17.00,26.00,-3.00,3.60,47.2,4069.30,4072.00,4068.40,4071.00,21,32,53,-11.00,2.00,-16.00,0.70,14.3,0,0,0.4545,0.5294,-47.00,-45.00,4063.94,0.5773,UP,91.00,0.5824,1.1892
20260715 220013 380,4071.50,1,4070.90,4071.50,0.60,4071.00,1,4070.90,3,4070.80,1,4070.70,2,4070.60,3,4070.40,2,4070.30,4,4070.10,2,4070.00,11,4069.90,1,4071.50,1,4071.60,2,4071.70,3,4071.80,3,4071.90,3,4072.20,3,4072.30,2,4072.40,12,4072.50,3,4072.60,1,Buy,90,72,162,18.00,26.00,-3.00,3.60,61.1,4069.30,4072.00,4068.40,4071.50,21,32,53,-11.00,2.00,-16.00,0.70,14.3,0,0,0.4545,0.4444,-46.00,-44.00,4063.99,0.5932,UP,91.00,0.5824,1.1892
20260715 220014 595,4071.00,1,4071.00,4071.60,0.60,4071.00,2,4070.90,3,4070.80,2,4070.70,2,4070.60,3,4070.40,2,4070.30,4,4070.10,2,4070.00,11,4069.90,1,4071.60,2,4071.70,3,4071.80,2,4071.90,3,4072.20,3,4072.30,2,4072.40,12,4072.50,3,4072.60,1,4072.70,4,Sell,90,73,163,17.00,26.00,-3.00,3.60,47.2,4069.30,4072.00,4068.40,4071.00,21,32,53,-11.00,2.00,-16.00,0.70,14.3,0,0,0.4545,0.5294,-47.00,-45.00,4063.94,0.5773,UP,91.00,0.5824,1.1892
20260715 220015 425,4071.50,1,4071.10,4071.50,0.40,4071.10,1,4071.00,3,4070.90,2,4070.80,2,4070.70,2,4070.60,3,4070.50,1,4070.40,2,4070.30,4,4070.10,2,4071.70,3,4071.80,2,4071.90,3,4072.20,3,4072.30,2,4072.40,12,4072.50,3,4072.60,1,4072.70,4,4072.80,1,Buy,91,73,164,18.00,26.00,-3.00,3.60,61.1,4069.30,4072.00,4068.40,4071.50,21,32,53,-11.00,2.00,-16.00,0.70,14.3,0,0,0.4545,0.4444,-46.00,-44.00,4063.99,0.5932,UP,91.00,0.5824,1.1892
20260715 220016 186,4071.10,1,4070.50,4071.00,0.50,4070.50,1,4070.30,1,4070.00,9,4069.60,4,4069.40,4,4069.30,2,4069.20,2,4069.10,2,4069.00,2,4068.90,7,4071.00,2,4071.10,1,4071.20,3,4071.30,4,4071.40,2,4071.50,3,4071.60,2,4071.70,3,4071.80,4,4071.90,3,Sell,91,74,165,17.00,26.00,-3.00,3.60,50.0,4069.30,4072.00,4068.40,4071.10,21,32,53,-11.00,2.00,-16.00,0.70,14.3,0,0,0.4545,0.5294,-47.00,-45.00,4063.95,0.5805,UP,91.00,0.5824,1.1892
20260715 220016 191,4071.00,1,4070.50,4071.00,0.50,4070.50,1,4070.30,1,4070.00,9,4069.60,4,4069.40,4,4069.30,2,4069.20,2,4069.10,2,4069.00,2,4068.90,7,4071.00,2,4071.10,1,4071.20,3,4071.30,4,4071.40,2,4071.50,3,4071.60,2,4071.70,3,4071.80,4,4071.90,3,Sell,91,75,166,16.00,26.00,-3.00,3.60,47.2,4069.30,4072.00,4068.40,4071.00,21,32,53,-11.00,2.00,-16.00,0.70,14.3,0,0,0.4545,0.6250,-48.00,-46.00,4063.94,0.5773,UP,91.00,0.5824,1.1892
20260715 220016 191,4071.00,1,4070.50,4071.00,0.50,4070.50,1,4070.30,1,4070.00,9,4069.60,4,4069.40,4,4069.30,2,4069.20,2,4069.10,2,4069.00,2,4068.90,7,4071.00,2,4071.10,1,4071.20,3,4071.30,4,4071.40,2,4071.50,3,4071.60,2,4071.70,3,4071.80,4,4071.90,3,Sell,91,76,167,15.00,26.00,-3.00,3.60,47.2,4069.30,4072.00,4068.40,4071.00,21,32,53,-11.00,2.00,-16.00,0.70,14.3,0,0,0.4545,0.7333,-49.00,-47.00,4063.94,0.5773,UP,91.00,0.5824,1.1892
20260715 220016 191,4070.90,1,4070.50,4071.00,0.50,4070.50,1,4070.30,1,4070.00,9,4069.60,4,4069.40,4,4069.30,2,4069.20,2,4069.10,2,4069.00,2,4068.90,7,4071.00,2,4071.10,1,4071.20,3,4071.30,4,4071.40,2,4071.50,3,4071.60,2,4071.70,3,4071.80,4,4071.90,3,Sell,91,77,168,14.00,26.00,-3.00,3.60,44.4,4069.30,4072.00,4068.40,4070.90,21,32,53,-11.00,2.00,-16.00,0.70,14.3,0,0,0.4545,0.8571,-50.00,-48.00,4063.93,0.5741,UP,91.00,0.5824,1.1892
20260715 220016 191,4070.90,1,4070.50,4071.00,0.50,4070.50,1,4070.30,1,4070.00,9,4069.60,4,4069.40,4,4069.30,2,4069.20,2,4069.10,2,4069.00,2,4068.90,7,4071.00,2,4071.10,1,4071.20,3,4071.30,4,4071.40,2,4071.50,3,4071.60,2,4071.70,3,4071.80,4,4071.90,3,Sell,91,78,169,13.00,26.00,-3.00,3.60,44.4,4069.30,4072.00,4068.40,4070.90,21,32,53,-11.00,2.00,-16.00,0.70,14.3,0,0,0.4545,1.0000,-51.00,-49.00,4063.93,0.5741,UP,91.00,0.5824,1.1892
20260715 220016 191,4070.90,1,4070.50,4071.00,0.50,4070.50,1,4070.30,1,4070.00,9,4069.60,4,4069.40,4,4069.30,2,4069.20,2,4069.10,2,4069.00,2,4068.90,7,4071.00,2,4071.10,1,4071.20,3,4071.30,4,4071.40,2,4071.50,3,4071.60,2,4071.70,3,4071.80,4,4071.90,3,Sell,91,79,170,12.00,26.00,-3.00,3.60,44.4,4069.30,4072.00,4068.40,4070.90,21,32,53,-11.00,2.00,-16.00,0.70,14.3,0,0,0.4545,1.1667,-52.00,-50.00,4063.93,0.5741,UP,91.00,0.5824,1.1892
20260715 220016 191,4070.80,1,4070.50,4071.00,0.50,4070.50,1,4070.30,1,4070.00,9,4069.60,4,4069.40,4,4069.30,2,4069.20,2,4069.10,2,4069.00,2,4068.90,7,4071.00,2,4071.10,1,4071.20,3,4071.30,4,4071.40,2,4071.50,3,4071.60,2,4071.70,3,4071.80,4,4071.90,3,Sell,91,80,171,11.00,26.00,-3.00,3.60,41.7,4069.30,4072.00,4068.40,4070.80,21,32,53,-11.00,2.00,-16.00,0.70,14.3,0,0,0.4545,1.3636,-53.00,-51.00,4063.93,0.5709,UP,91.00,0.5824,1.1892
20260715 220016 191,4070.80,1,4070.50,4071.00,0.50,4070.50,1,4070.30,1,4070.00,9,4069.60,4,4069.40,4,4069.30,2,4069.20,2,4069.10,2,4069.00,2,4068.90,7,4071.00,2,4071.10,1,4071.20,3,4071.30,4,4071.40,2,4071.50,3,4071.60,2,4071.70,3,4071.80,4,4071.90,3,Sell,91,81,172,10.00,26.00,-3.00,3.60,41.7,4069.30,4072.00,4068.40,4070.80,21,32,53,-11.00,2.00,-16.00,0.70,14.3,0,0,0.4545,1.6000,-54.00,-52.00,4063.93,0.5709,UP,91.00,0.5824,1.1892
20260715 220016 191,4070.70,1,4070.50,4071.00,0.50,4070.50,1,4070.30,1,4070.00,9,4069.60,4,4069.40,4,4069.30,2,4069.20,2,4069.10,2,4069.00,2,4068.90,7,4071.00,2,4071.10,1,4071.20,3,4071.30,4,4071.40,2,4071.50,3,4071.60,2,4071.70,3,4071.80,4,4071.90,3,Sell,91,82,173,9.00,26.00,-3.00,3.60,38.9,4069.30,4072.00,4068.40,4070.70,21,32,53,-11.00,2.00,-16.00,0.70,14.3,0,0,0.4545,1.8889,-55.00,-53.00,4063.92,0.5678,UP,91.00,0.5824,1.1892
20260715 220016 191,4070.70,1,4070.50,4071.00,0.50,4070.50,1,4070.30,1,4070.00,9,4069.60,4,4069.40,4,4069.30,2,4069.20,2,4069.10,2,4069.00,2,4068.90,7,4071.00,2,4071.10,1,4071.20,3,4071.30,4,4071.40,2,4071.50,3,4071.60,2,4071.70,3,4071.80,4,4071.90,3,Sell,91,83,174,8.00,26.00,-3.00,3.60,38.9,4069.30,4072.00,4068.40,4070.70,21,32,53,-11.00,2.00,-16.00,0.70,14.3,0,0,0.4545,2.2500,-56.00,-54.00,4063.92,0.5678,UP,91.00,0.5824,1.1892
20260715 220016 341,4070.50,1,4070.10,4070.80,0.70,4070.10,2,4070.00,7,4069.60,4,4069.50,2,4069.40,4,4069.30,2,4069.20,1,4069.10,1,4068.90,7,4068.80,5,4070.80,1,4070.90,2,4071.00,1,4071.10,2,4071.20,2,4071.30,2,4071.40,2,4071.50,3,4071.60,2,4071.70,3,Sell,91,84,175,7.00,26.00,-3.00,3.60,33.3,4069.30,4072.00,4068.40,4070.50,21,32,53,-11.00,2.00,-16.00,0.70,14.3,0,0,0.4545,2.7143,-57.00,-55.00,4063.90,0.5614,UP,91.00,0.5824,1.1892
20260715 220016 341,4070.30,1,4070.10,4070.80,0.70,4070.10,2,4070.00,7,4069.60,4,4069.50,2,4069.40,4,4069.30,2,4069.20,1,4069.10,1,4068.90,7,4068.80,5,4070.80,1,4070.90,2,4071.00,1,4071.10,2,4071.20,2,4071.30,2,4071.40,2,4071.50,3,4071.60,2,4071.70,3,Sell,91,85,176,6.00,26.00,-3.00,3.60,27.8,4069.30,4072.00,4068.40,4070.30,21,32,53,-11.00,2.00,-16.00,0.70,14.3,0,0,0.4545,3.3333,-58.00,-56.00,4063.88,0.5551,UP,91.00,0.5824,1.1892
20260715 220016 341,4070.00,1,4070.10,4070.80,0.70,4070.10,2,4070.00,7,4069.60,4,4069.50,2,4069.40,4,4069.30,2,4069.20,1,4069.10,1,4068.90,7,4068.80,5,4070.80,1,4070.90,2,4071.00,1,4071.10,2,4071.20,2,4071.30,2,4071.40,2,4071.50,3,4071.60,2,4071.70,3,Sell,91,86,177,5.00,26.00,-3.00,3.60,19.4,4069.30,4072.00,4068.40,4070.00,21,32,53,-11.00,2.00,-16.00,0.70,14.3,0,0,0.4545,4.2000,-59.00,-57.00,4063.85,0.5455,UP,91.00,0.5824,1.1892
20260715 220016 341,4070.00,1,4070.10,4070.80,0.70,4070.10,2,4070.00,7,4069.60,4,4069.50,2,4069.40,4,4069.30,2,4069.20,1,4069.10,1,4068.90,7,4068.80,5,4070.80,1,4070.90,2,4071.00,1,4071.10,2,4071.20,2,4071.30,2,4071.40,2,4071.50,3,4071.60,2,4071.70,3,Sell,91,87,178,4.00,26.00,-3.00,3.60,19.4,4069.30,4072.00,4068.40,4070.00,21,32,53,-11.00,2.00,-16.00,0.70,14.3,0,0,0.4545,5.5000,-60.00,-58.00,4063.85,0.5455,UP,91.00,0.5824,1.1892
20260715 220016 427,4070.10,1,4070.10,4070.80,0.70,4070.10,2,4070.00,8,4069.60,5,4069.40,4,4069.30,2,4069.20,1,4069.10,2,4068.90,7,4068.80,5,4068.70,5,4070.80,1,4070.90,1,4071.00,1,4071.10,2,4071.20,2,4071.30,2,4071.40,2,4071.50,3,4071.60,2,4071.70,3,Sell,91,88,179,3.00,26.00,-3.00,3.60,22.2,4069.30,4072.00,4068.40,4070.10,21,32,53,-11.00,2.00,-16.00,0.70,14.3,0,0,0.4545,7.6667,-61.00,-59.00,4063.86,0.5487,UP,91.00,0.5824,1.1892
20260715 220018 530,4070.10,1,4070.10,4070.80,0.70,4070.10,1,4070.00,7,4069.60,4,4069.40,4,4069.30,3,4069.20,1,4069.10,1,4069.00,1,4068.90,7,4068.80,5,4070.80,1,4070.90,1,4071.00,2,4071.10,1,4071.20,2,4071.30,2,4071.40,2,4071.50,3,4071.60,2,4071.70,3,Sell,91,89,180,2.00,26.00,-3.00,3.60,22.2,4069.30,4072.00,4068.40,4070.10,21,32,53,-11.00,2.00,-16.00,0.70,14.3,0,0,0.4545,12.0000,-62.00,-60.00,4063.86,0.5487,UP,91.00,0.5824,1.1892
20260715 220018 556,4070.80,1,4070.20,4070.90,0.70,4070.20,4,4070.00,8,4069.70,2,4069.60,4,4069.40,4,4069.30,3,4069.20,1,4069.10,2,4069.00,1,4068.90,7,4071.00,2,4071.10,1,4071.20,2,4071.30,2,4071.40,2,4071.50,4,4071.60,2,4071.70,3,4071.80,4,4071.90,3,Buy,92,89,181,3.00,26.00,-3.00,3.60,41.7,4069.30,4072.00,4068.40,4070.80,21,32,53,-11.00,2.00,-16.00,0.70,14.3,0,0,0.4545,7.6667,-61.00,-59.00,4063.93,0.5709,UP,91.00,0.5824,1.1892
20260715 220018 568,4070.90,1,4070.20,4070.90,0.70,4070.20,4,4070.00,8,4069.70,2,4069.60,4,4069.40,4,4069.30,3,4069.20,1,4069.10,2,4069.00,1,4068.90,7,4071.00,2,4071.10,1,4071.20,2,4071.30,2,4071.40,2,4071.50,4,4071.60,2,4071.70,3,4071.80,4,4071.90,3,Buy,93,89,182,4.00,26.00,-3.00,3.60,44.4,4069.30,4072.00,4068.40,4070.90,21,32,53,-11.00,2.00,-16.00,0.70,14.3,0,0,0.4545,5.5000,-60.00,-58.00,4063.93,0.5741,UP,91.00,0.5824,1.1892
20260715 220018 676,4070.70,2,4070.40,4070.90,0.50,4070.40,3,4070.30,3,4070.00,8,4069.70,2,4069.60,4,4069.40,4,4069.30,3,4069.20,1,4069.10,2,4069.00,1,4070.90,1,4071.00,2,4071.10,1,4071.20,2,4071.30,3,4071.40,2,4071.50,3,4071.60,2,4071.70,3,4071.80,4,Buy,95,89,184,6.00,26.00,-3.00,3.60,38.9,4069.30,4072.00,4068.40,4070.70,21,32,53,-11.00,2.00,-16.00,0.70,14.3,0,0,0.4545,3.3333,-58.00,-56.00,4063.92,0.5678,UP,91.00,0.5824,1.1892
20260715 220018 894,4070.90,1,4070.50,4071.00,0.50,4070.50,4,4070.30,3,4070.10,2,4070.00,8,4069.60,4,4069.40,4,4069.30,3,4069.20,1,4069.10,2,4069.00,1,4071.00,2,4071.10,1,4071.20,2,4071.30,2,4071.40,2,4071.50,3,4071.60,3,4071.70,3,4071.80,4,4071.90,3,Buy,96,89,185,7.00,26.00,-3.00,3.60,44.4,4069.30,4072.00,4068.40,4070.90,21,32,53,-11.00,2.00,-16.00,0.70,14.3,0,0,0.4545,2.7143,-57.00,-55.00,4063.93,0.5741,UP,91.00,0.5824,1.1892
20260715 220019 458,4071.00,1,4070.70,4071.30,0.60,4070.70,3,4070.50,2,4070.40,2,4070.30,3,4070.00,8,4069.60,4,4069.50,1,4069.40,5,4069.30,4,4069.20,1,4071.30,1,4071.40,1,4071.50,2,4071.60,2,4071.70,3,4071.80,5,4071.90,3,4072.20,3,4072.30,3,4072.40,12,Buy,97,89,186,8.00,26.00,-3.00,3.60,47.2,4069.30,4072.00,4068.40,4071.00,21,32,53,-11.00,2.00,-16.00,0.70,14.3,0,0,0.4545,2.2500,-56.00,-54.00,4063.94,0.5773,UP,91.00,0.5824,1.1892
20260715 220019 458,4071.20,1,4070.70,4071.30,0.60,4070.70,3,4070.50,2,4070.40,2,4070.30,3,4070.00,8,4069.60,4,4069.50,1,4069.40,5,4069.30,4,4069.20,1,4071.30,1,4071.40,1,4071.50,2,4071.60,2,4071.70,3,4071.80,5,4071.90,3,4072.20,3,4072.30,3,4072.40,12,Buy,98,89,187,9.00,26.00,-3.00,3.60,52.8,4069.30,4072.00,4068.40,4071.20,21,32,53,-11.00,2.00,-16.00,0.70,14.3,0,0,0.4545,1.8889,-55.00,-53.00,4063.96,0.5836,UP,91.00,0.5824,1.1892
20260715 220019 461,4070.70,1,4070.70,4071.30,0.60,4070.70,3,4070.50,2,4070.40,2,4070.30,3,4070.00,8,4069.60,4,4069.50,1,4069.40,5,4069.30,4,4069.20,1,4071.30,1,4071.40,1,4071.50,2,4071.60,2,4071.70,3,4071.80,5,4071.90,3,4072.20,3,4072.30,3,4072.40,12,Sell,98,90,188,8.00,26.00,-3.00,3.60,38.9,4069.30,4072.00,4068.40,4070.70,21,32,53,-11.00,2.00,-16.00,0.70,14.3,0,0,0.4545,2.2500,-56.00,-54.00,4063.92,0.5678,UP,91.00,0.5824,1.1892
20260715 220021 108,4071.30,1,4070.80,4071.50,0.70,4070.80,5,4070.70,2,4070.60,1,4070.50,2,4070.40,1,4070.30,3,4070.00,8,4069.60,5,4069.50,1,4069.40,5,4071.50,2,4071.60,2,4071.70,3,4071.80,4,4071.90,3,4072.10,1,4072.20,3,4072.30,3,4072.40,12,4072.50,4,Buy,99,90,189,9.00,26.00,-3.00,3.60,55.6,4069.30,4072.00,4068.40,4071.30,21,32,53,-11.00,2.00,-16.00,0.70,14.3,0,0,0.4545,1.8889,-55.00,-53.00,4063.97,0.5868,UP,91.00,0.5824,1.1892
20260715 220021 108,4071.40,1,4070.80,4071.50,0.70,4070.80,5,4070.70,2,4070.60,1,4070.50,2,4070.40,1,4070.30,3,4070.00,8,4069.60,5,4069.50,1,4069.40,5,4071.50,2,4071.60,2,4071.70,3,4071.80,4,4071.90,3,4072.10,1,4072.20,3,4072.30,3,4072.40,12,4072.50,4,Buy,100,90,190,10.00,26.00,-3.00,3.60,58.3,4069.30,4072.00,4068.40,4071.40,21,32,53,-11.00,2.00,-16.00,0.70,14.3,0,0,0.4545,1.6000,-54.00,-52.00,4063.98,0.5900,UP,91.00,0.5824,1.1892
20260715 220021 539,4071.10,1,4071.10,4071.50,0.40,4071.00,2,4070.90,2,4070.60,1,4070.40,2,4070.30,3,4070.00,8,4069.80,1,4069.70,1,4069.60,5,4069.50,1,4071.40,1,4071.50,1,4071.60,2,4071.70,1,4071.80,4,4071.90,3,4072.10,3,4072.20,3,4072.30,3,4072.40,13,Sell,100,91,191,9.00,26.00,-3.00,3.60,50.0,4069.30,4072.00,4068.40,4071.10,21,32,53,-11.00,2.00,-16.00,0.70,14.3,0,0,0.4545,1.8889,-55.00,-53.00,4063.95,0.5805,UP,91.00,0.5824,1.1892
20260715 220021 539,4071.00,1,4071.10,4071.50,0.40,4071.00,2,4070.90,2,4070.60,1,4070.40,2,4070.30,3,4070.00,8,4069.80,1,4069.70,1,4069.60,5,4069.50,1,4071.40,1,4071.50,1,4071.60,2,4071.70,1,4071.80,4,4071.90,3,4072.10,3,4072.20,3,4072.30,3,4072.40,13,Sell,100,92,192,8.00,26.00,-3.00,3.60,47.2,4069.30,4072.00,4068.40,4071.00,21,32,53,-11.00,2.00,-16.00,0.70,14.3,0,0,0.4545,2.2500,-56.00,-54.00,4063.94,0.5773,UP,91.00,0.5824,1.1892
20260715 220022 269,4071.00,1,4070.40,4071.00,0.60,4070.40,2,4070.30,2,4070.10,2,4070.00,8,4069.70,1,4069.60,4,4069.40,4,4069.30,3,4069.20,1,4069.10,1,4071.00,3,4071.20,3,4071.30,4,4071.40,3,4071.50,2,4071.60,1,4071.70,1,4071.80,3,4071.90,3,4072.00,1,Sell,100,93,193,7.00,26.00,-3.00,3.60,47.2,4069.30,4072.00,4068.40,4071.00,21,32,53,-11.00,2.00,-16.00,0.70,14.3,0,0,0.4545,2.7143,-57.00,-55.00,4063.94,0.5773,UP,91.00,0.5824,1.1892
20260715 220022 269,4071.00,1,4070.40,4071.00,0.60,4070.40,2,4070.30,2,4070.10,2,4070.00,8,4069.70,1,4069.60,4,4069.40,4,4069.30,3,4069.20,1,4069.10,1,4071.00,3,4071.20,3,4071.30,4,4071.40,3,4071.50,2,4071.60,1,4071.70,1,4071.80,3,4071.90,3,4072.00,1,Sell,100,94,194,6.00,26.00,-3.00,3.60,47.2,4069.30,4072.00,4068.40,4071.00,21,32,53,-11.00,2.00,-16.00,0.70,14.3,0,0,0.4545,3.3333,-58.00,-56.00,4063.94,0.5773,UP,91.00,0.5824,1.1892
20260715 220022 269,4070.90,1,4070.40,4071.00,0.60,4070.40,2,4070.30,2,4070.10,2,4070.00,8,4069.70,1,4069.60,4,4069.40,4,4069.30,3,4069.20,1,4069.10,1,4071.00,3,4071.20,3,4071.30,4,4071.40,3,4071.50,2,4071.60,1,4071.70,1,4071.80,3,4071.90,3,4072.00,1,Sell,100,95,195,5.00,26.00,-3.00,3.60,44.4,4069.30,4072.00,4068.40,4070.90,21,32,53,-11.00,2.00,-16.00,0.70,14.3,0,0,0.4545,4.2000,-59.00,-57.00,4063.93,0.5741,UP,91.00,0.5824,1.1892
20260715 220022 269,4070.90,1,4070.40,4071.00,0.60,4070.40,2,4070.30,2,4070.10,2,4070.00,8,4069.70,1,4069.60,4,4069.40,4,4069.30,3,4069.20,1,4069.10,1,4071.00,3,4071.20,3,4071.30,4,4071.40,3,4071.50,2,4071.60,1,4071.70,1,4071.80,3,4071.90,3,4072.00,1,Sell,100,96,196,4.00,26.00,-3.00,3.60,44.4,4069.30,4072.00,4068.40,4070.90,21,32,53,-11.00,2.00,-16.00,0.70,14.3,0,0,0.4545,5.5000,-60.00,-58.00,4063.93,0.5741,UP,91.00,0.5824,1.1892
20260715 220024 014,4071.10,2,4070.80,4071.20,0.40,4070.80,1,4070.40,2,4070.30,3,4070.10,2,4070.00,8,4069.70,1,4069.60,4,4069.40,4,4069.30,3,4069.20,1,4071.20,2,4071.30,2,4071.40,4,4071.50,2,4071.60,2,4071.70,2,4071.80,3,4071.90,2,4072.10,3,4072.20,4,Buy,102,96,198,6.00,26.00,-3.00,3.60,50.0,4069.30,4072.00,4068.40,4071.10,21,32,53,-11.00,2.00,-16.00,0.70,14.3,0,0,0.4545,3.3333,-58.00,-56.00,4063.95,0.5805,UP,91.00,0.5824,1.1892
20260715 220024 100,4070.80,1,4070.80,4071.20,0.40,4070.40,2,4070.30,2,4070.10,2,4070.00,8,4069.60,4,4069.50,1,4069.40,4,4069.30,3,4069.20,1,4069.10,2,4071.00,2,4071.10,2,4071.20,2,4071.30,2,4071.40,3,4071.50,2,4071.60,2,4071.70,2,4071.80,3,4071.90,2,Sell,102,97,199,5.00,26.00,-3.00,3.60,41.7,4069.30,4072.00,4068.40,4070.80,21,32,53,-11.00,2.00,-16.00,0.70,14.3,0,0,0.4545,4.2000,-59.00,-57.00,4063.93,0.5709,UP,91.00,0.5824,1.1892
20260715 220027 016,4070.90,3,4070.60,4071.10,0.50,4070.60,2,4070.50,3,4070.30,3,4070.10,3,4070.00,9,4069.60,4,4069.40,4,4069.30,4,4069.20,2,4069.10,2,4071.10,1,4071.20,2,4071.30,1,4071.40,3,4071.50,2,4071.60,2,4071.70,2,4071.80,3,4071.90,3,4072.00,1,Sell,102,100,202,2.00,26.00,-3.00,3.60,44.4,4069.30,4072.00,4068.40,4070.90,21,32,53,-11.00,2.00,-16.00,0.70,14.3,0,0,0.4545,12.0000,-62.00,-60.00,4063.93,0.5741,UP,91.00,0.5824,1.1892
20260715 220027 017,4070.80,1,4070.60,4071.10,0.50,4070.60,2,4070.50,3,4070.30,3,4070.10,3,4070.00,9,4069.60,4,4069.40,4,4069.30,4,4069.20,2,4069.10,2,4071.10,1,4071.20,2,4071.30,1,4071.40,3,4071.50,2,4071.60,2,4071.70,2,4071.80,3,4071.90,3,4072.00,1,Buy,103,100,203,3.00,26.00,-3.00,3.60,41.7,4069.30,4072.00,4068.40,4070.80,21,32,53,-11.00,2.00,-16.00,0.70,14.3,0,0,0.4545,7.6667,-61.00,-59.00,4063.93,0.5709,UP,91.00,0.5824,1.1892
20260715 220027 018,4070.80,1,4070.60,4071.10,0.50,4070.60,2,4070.50,3,4070.30,3,4070.10,3,4070.00,9,4069.60,4,4069.40,4,4069.30,4,4069.20,2,4069.10,2,4071.10,1,4071.20,2,4071.30,1,4071.40,3,4071.50,2,4071.60,2,4071.70,2,4071.80,3,4071.90,3,4072.00,1,Buy,104,100,204,4.00,26.00,-3.00,3.60,41.7,4069.30,4072.00,4068.40,4070.80,21,32,53,-11.00,2.00,-16.00,0.70,14.3,0,0,0.4545,5.5000,-60.00,-58.00,4063.93,0.5709,UP,91.00,0.5824,1.1892
20260715 220027 018,4071.00,1,4070.60,4071.10,0.50,4070.60,2,4070.50,3,4070.30,3,4070.10,3,4070.00,9,4069.60,4,4069.40,4,4069.30,4,4069.20,2,4069.10,2,4071.10,1,4071.20,2,4071.30,1,4071.40,3,4071.50,2,4071.60,2,4071.70,2,4071.80,3,4071.90,3,4072.00,1,Buy,105,100,205,5.00,26.00,-3.00,3.60,47.2,4069.30,4072.00,4068.40,4071.00,21,32,53,-11.00,2.00,-16.00,0.70,14.3,0,0,0.4545,4.2000,-59.00,-57.00,4063.94,0.5773,UP,91.00,0.5824,1.1892
20260715 220027 735,4070.90,1,4070.60,4071.20,0.60,4070.60,5,4070.50,2,4070.40,3,4070.30,3,4070.10,2,4070.00,9,4069.70,1,4069.60,4,4069.40,5,4069.30,4,4071.20,1,4071.30,1,4071.40,2,4071.50,2,4071.60,3,4071.70,2,4071.80,3,4071.90,2,4072.10,2,4072.20,2,Buy,106,100,206,6.00,26.00,-3.00,3.60,44.4,4069.30,4072.00,4068.40,4070.90,21,32,53,-11.00,2.00,-16.00,0.70,14.3,0,0,0.4545,3.3333,-58.00,-56.00,4063.93,0.5741,UP,91.00,0.5824,1.1892
20260715 220027 739,4071.10,1,4070.60,4071.20,0.60,4070.60,5,4070.50,2,4070.40,3,4070.30,3,4070.10,2,4070.00,9,4069.70,1,4069.60,4,4069.40,5,4069.30,4,4071.20,1,4071.30,1,4071.40,2,4071.50,2,4071.60,3,4071.70,2,4071.80,3,4071.90,2,4072.10,2,4072.20,2,Buy,107,100,207,7.00,26.00,-3.00,3.60,50.0,4069.30,4072.00,4068.40,4071.10,21,32,53,-11.00,2.00,-16.00,0.70,14.3,0,0,0.4545,2.7143,-57.00,-55.00,4063.95,0.5805,UP,91.00,0.5824,1.1892
20260715 220027 739,4071.20,1,4070.60,4071.20,0.60,4070.60,5,4070.50,2,4070.40,3,4070.30,3,4070.10,2,4070.00,9,4069.70,1,4069.60,4,4069.40,5,4069.30,4,4071.20,1,4071.30,1,4071.40,2,4071.50,2,4071.60,3,4071.70,2,4071.80,3,4071.90,2,4072.10,2,4072.20,2,Buy,108,100,208,8.00,26.00,-3.00,3.60,52.8,4069.30,4072.00,4068.40,4071.20,21,32,53,-11.00,2.00,-16.00,0.70,14.3,0,0,0.4545,2.2500,-56.00,-54.00,4063.96,0.5836,UP,91.00,0.5824,1.1892
20260715 220028 463,4071.10,2,4070.70,4071.20,0.50,4070.70,1,4070.60,5,4070.50,2,4070.40,3,4070.30,3,4070.10,2,4070.00,9,4069.60,4,4069.40,5,4069.30,4,4071.20,1,4071.30,2,4071.40,2,4071.50,2,4071.60,2,4071.70,3,4071.80,3,4071.90,2,4072.10,2,4072.20,2,Buy,110,100,210,10.00,26.00,-3.00,3.60,50.0,4069.30,4072.00,4068.40,4071.10,21,32,53,-11.00,2.00,-16.00,0.70,14.3,0,0,0.4545,1.6000,-54.00,-52.00,4063.95,0.5805,UP,91.00,0.5824,1.1892
20260715 220028 465,4071.20,1,4070.90,4071.40,0.50,4070.90,4,4070.80,2,4070.70,3,4070.60,4,4070.50,2,4070.40,1,4070.30,3,4070.10,2,4070.00,9,4069.60,5,4071.40,1,4071.50,1,4071.60,2,4071.70,2,4071.80,3,4071.90,2,4072.10,2,4072.20,2,4072.30,2,4072.40,17,Buy,111,100,211,11.00,26.00,-3.00,3.60,52.8,4069.30,4072.00,4068.40,4071.20,21,32,53,-11.00,2.00,-16.00,0.70,14.3,0,0,0.4545,1.3636,-53.00,-51.00,4063.96,0.5836,UP,91.00,0.5824,1.1892
20260715 220028 494,4071.30,1,4070.90,4071.50,0.60,4070.90,4,4070.80,2,4070.70,2,4070.60,5,4070.50,2,4070.30,3,4070.10,2,4070.00,9,4069.70,1,4069.60,5,4071.50,1,4071.60,2,4071.70,2,4071.80,3,4071.90,2,4072.00,1,4072.10,2,4072.20,2,4072.30,2,4072.40,12,Buy,112,100,212,12.00,26.00,-3.00,3.60,55.6,4069.30,4072.00,4068.40,4071.30,21,32,53,-11.00,2.00,-16.00,0.70,14.3,0,0,0.4545,1.1667,-52.00,-50.00,4063.97,0.5868,UP,91.00,0.5824,1.1892
20260715 220028 511,4071.30,1,4070.90,4071.50,0.60,4070.90,4,4070.80,2,4070.70,2,4070.60,5,4070.50,2,4070.30,3,4070.10,2,4070.00,9,4069.70,1,4069.60,5,4071.50,1,4071.60,2,4071.70,2,4071.80,3,4071.90,2,4072.00,1,4072.10,2,4072.20,2,4072.30,2,4072.40,12,Buy,113,100,213,13.00,26.00,-3.00,3.60,55.6,4069.30,4072.00,4068.40,4071.30,21,32,53,-11.00,2.00,-16.00,0.70,14.3,0,0,0.4545,1.0000,-51.00,-49.00,4063.97,0.5868,UP,91.00,0.5824,1.1892
20260715 220028 511,4071.40,1,4070.90,4071.50,0.60,4070.90,4,4070.80,2,4070.70,2,4070.60,5,4070.50,2,4070.30,3,4070.10,2,4070.00,9,4069.70,1,4069.60,5,4071.50,1,4071.60,2,4071.70,2,4071.80,3,4071.90,2,4072.00,1,4072.10,2,4072.20,2,4072.30,2,4072.40,12,Buy,114,100,214,14.00,26.00,-3.00,3.60,58.3,4069.30,4072.00,4068.40,4071.40,21,32,53,-11.00,2.00,-16.00,0.70,14.3,0,0,0.4545,0.8571,-50.00,-48.00,4063.98,0.5900,UP,91.00,0.5824,1.1892
20260715 220028 630,4071.50,1,4071.10,4071.70,0.60,4071.10,2,4071.00,4,4070.90,2,4070.80,2,4070.70,2,4070.60,4,4070.50,2,4070.30,3,4070.10,2,4070.00,9,4071.70,1,4071.80,2,4072.10,2,4072.20,2,4072.30,2,4072.40,13,4072.50,4,4072.70,4,4072.80,5,4072.90,5,Buy,115,100,215,15.00,26.00,-3.00,3.60,61.1,4069.30,4072.00,4068.40,4071.50,21,32,53,-11.00,2.00,-16.00,0.70,14.3,0,0,0.4545,0.7333,-49.00,-47.00,4063.99,0.5932,UP,91.00,0.5824,1.1892
20260715 220028 630,4071.50,1,4071.10,4071.70,0.60,4071.10,2,4071.00,4,4070.90,2,4070.80,2,4070.70,2,4070.60,4,4070.50,2,4070.30,3,4070.10,2,4070.00,9,4071.70,1,4071.80,2,4072.10,2,4072.20,2,4072.30,2,4072.40,13,4072.50,4,4072.70,4,4072.80,5,4072.90,5,Buy,116,100,216,16.00,26.00,-3.00,3.60,61.1,4069.30,4072.00,4068.40,4071.50,21,32,53,-11.00,2.00,-16.00,0.70,14.3,0,0,0.4545,0.6250,-48.00,-46.00,4063.99,0.5932,UP,91.00,0.5824,1.1892
20260715 220028 630,4071.60,1,4071.10,4071.70,0.60,4071.10,2,4071.00,4,4070.90,2,4070.80,2,4070.70,2,4070.60,4,4070.50,2,4070.30,3,4070.10,2,4070.00,9,4071.70,1,4071.80,2,4072.10,2,4072.20,2,4072.30,2,4072.40,13,4072.50,4,4072.70,4,4072.80,5,4072.90,5,Buy,117,100,217,17.00,26.00,-3.00,3.60,63.9,4069.30,4072.00,4068.40,4071.60,21,32,53,-11.00,2.00,-16.00,0.70,14.3,0,0,0.4545,0.5294,-47.00,-45.00,4064.00,0.5963,UP,91.00,0.5824,1.1892
20260715 220028 630,4071.60,1,4071.10,4071.70,0.60,4071.10,2,4071.00,4,4070.90,2,4070.80,2,4070.70,2,4070.60,4,4070.50,2,4070.30,3,4070.10,2,4070.00,9,4071.70,1,4071.80,2,4072.10,2,4072.20,2,4072.30,2,4072.40,13,4072.50,4,4072.70,4,4072.80,5,4072.90,5,Buy,118,100,218,18.00,26.00,-3.00,3.60,63.9,4069.30,4072.00,4068.40,4071.60,21,32,53,-11.00,2.00,-16.00,0.70,14.3,0,0,0.4545,0.4444,-46.00,-44.00,4064.00,0.5963,UP,91.00,0.5824,1.1892
20260715 220028 631,4071.50,1,4071.10,4071.70,0.60,4071.10,2,4071.00,4,4070.90,2,4070.80,2,4070.70,2,4070.60,4,4070.50,2,4070.30,3,4070.10,2,4070.00,9,4071.70,1,4071.80,2,4072.10,2,4072.20,2,4072.30,2,4072.40,13,4072.50,4,4072.70,4,4072.80,5,4072.90,5,Buy,119,100,219,19.00,26.00,-3.00,3.60,61.1,4069.30,4072.00,4068.40,4071.50,21,32,53,-11.00,2.00,-16.00,0.70,14.3,0,0,0.4545,0.3684,-45.00,-43.00,4063.99,0.5932,UP,91.00,0.5824,1.1892
20260715 220028 631,4071.60,1,4071.10,4071.70,0.60,4071.10,2,4071.00,4,4070.90,2,4070.80,2,4070.70,2,4070.60,4,4070.50,2,4070.30,3,4070.10,2,4070.00,9,4071.70,1,4071.80,2,4072.10,2,4072.20,2,4072.30,2,4072.40,13,4072.50,4,4072.70,4,4072.80,5,4072.90,5,Buy,120,100,220,20.00,26.00,-3.00,3.60,63.9,4069.30,4072.00,4068.40,4071.60,21,32,53,-11.00,2.00,-16.00,0.70,14.3,0,0,0.4545,0.3000,-44.00,-42.00,4064.00,0.5963,UP,91.00,0.5824,1.1892
20260715 220028 631,4071.60,1,4071.10,4071.70,0.60,4071.10,2,4071.00,4,4070.90,2,4070.80,2,4070.70,2,4070.60,4,4070.50,2,4070.30,3,4070.10,2,4070.00,9,4071.70,1,4071.80,2,4072.10,2,4072.20,2,4072.30,2,4072.40,13,4072.50,4,4072.70,4,4072.80,5,4072.90,5,Buy,121,100,221,21.00,26.00,-3.00,3.60,63.9,4069.30,4072.00,4068.40,4071.60,21,32,53,-11.00,2.00,-16.00,0.70,14.3,0,0,0.4545,0.2381,-43.00,-41.00,4064.00,0.5963,UP,91.00,0.5824,1.1892
20260715 220028 713,4071.10,1,4071.10,4071.70,0.60,4071.10,2,4071.00,4,4070.90,2,4070.80,2,4070.70,2,4070.60,4,4070.50,2,4070.30,3,4070.10,2,4070.00,9,4071.70,1,4071.80,2,4072.10,2,4072.20,2,4072.30,2,4072.40,13,4072.50,4,4072.70,4,4072.80,5,4072.90,5,Sell,121,101,222,20.00,26.00,-3.00,3.60,50.0,4069.30,4072.00,4068.40,4071.10,21,32,53,-11.00,2.00,-16.00,0.70,14.3,0,0,0.4545,0.3000,-44.00,-42.00,4063.95,0.5805,UP,91.00,0.5824,1.1892
20260715 220029 653,4071.10,1,4071.00,4071.60,0.60,4071.00,4,4070.80,2,4070.70,2,4070.60,4,4070.50,2,4070.30,3,4070.10,2,4070.00,9,4069.90,1,4069.80,1,4071.60,1,4071.70,3,4071.80,2,4072.10,2,4072.20,2,4072.30,2,4072.40,12,4072.50,4,4072.70,4,4072.80,5,Sell,121,102,223,19.00,26.00,-3.00,3.60,50.0,4069.30,4072.00,4068.40,4071.10,21,32,53,-11.00,2.00,-16.00,0.70,14.3,0,0,0.4545,0.3684,-45.00,-43.00,4063.95,0.5805,UP,91.00,0.5824,1.1892
20260715 220029 653,4071.10,1,4071.00,4071.60,0.60,4071.00,4,4070.80,2,4070.70,2,4070.60,4,4070.50,2,4070.30,3,4070.10,2,4070.00,9,4069.90,1,4069.80,1,4071.60,1,4071.70,3,4071.80,2,4072.10,2,4072.20,2,4072.30,2,4072.40,12,4072.50,4,4072.70,4,4072.80,5,Sell,121,103,224,18.00,26.00,-3.00,3.60,50.0,4069.30,4072.00,4068.40,4071.10,21,32,53,-11.00,2.00,-16.00,0.70,14.3,0,0,0.4545,0.4444,-46.00,-44.00,4063.95,0.5805,UP,91.00,0.5824,1.1892
20260715 220029 653,4071.00,1,4071.00,4071.60,0.60,4071.00,4,4070.80,2,4070.70,2,4070.60,4,4070.50,2,4070.30,3,4070.10,2,4070.00,9,4069.90,1,4069.80,1,4071.60,1,4071.70,3,4071.80,2,4072.10,2,4072.20,2,4072.30,2,4072.40,12,4072.50,4,4072.70,4,4072.80,5,Sell,121,104,225,17.00,26.00,-3.00,3.60,47.2,4069.30,4072.00,4068.40,4071.00,21,32,53,-11.00,2.00,-16.00,0.70,14.3,0,0,0.4545,0.5294,-47.00,-45.00,4063.94,0.5773,UP,91.00,0.5824,1.1892
20260715 220030 259,4071.00,1,4071.00,4071.50,0.50,4071.00,2,4070.80,2,4070.70,2,4070.60,4,4070.50,2,4070.30,3,4070.10,2,4070.00,9,4069.90,1,4069.80,1,4071.50,1,4071.60,1,4071.70,3,4071.80,3,4072.10,2,4072.20,3,4072.30,2,4072.40,12,4072.50,4,4072.60,1,Sell,121,105,226,16.00,26.00,-3.00,3.60,47.2,4069.30,4072.00,4068.40,4071.00,21,32,53,-11.00,2.00,-16.00,0.70,14.3,0,0,0.4545,0.6250,-48.00,-46.00,4063.94,0.5773,UP,91.00,0.5824,1.1892
20260715 220030 461,4071.00,1,4071.00,4071.50,0.50,4071.00,1,4070.80,2,4070.70,2,4070.60,4,4070.50,2,4070.30,3,4070.10,2,4070.00,9,4069.90,1,4069.80,1,4071.50,3,4071.60,2,4071.70,4,4071.80,3,4072.20,3,4072.30,2,4072.40,12,4072.50,4,4072.70,4,4072.80,5,Sell,121,106,227,15.00,26.00,-3.00,3.60,47.2,4069.30,4072.00,4068.40,4071.00,21,32,53,-11.00,2.00,-16.00,0.70,14.3,0,0,0.4545,0.7333,-49.00,-47.00,4063.94,0.5773,UP,91.00,0.5824,1.1892
20260715 220033 834,4071.50,1,4070.80,4071.40,0.60,4070.80,2,4070.70,2,4070.60,4,4070.50,2,4070.40,1,4070.30,3,4070.10,2,4070.00,9,4069.60,5,4069.50,1,4071.40,1,4071.50,2,4071.60,2,4071.70,3,4071.80,3,4072.00,1,4072.20,3,4072.30,2,4072.40,12,4072.50,5,Buy,122,106,228,16.00,26.00,-3.00,3.60,61.1,4069.30,4072.00,4068.40,4071.50,21,32,53,-11.00,2.00,-16.00,0.70,14.3,0,0,0.4545,0.6250,-48.00,-46.00,4063.99,0.5932,UP,91.00,0.5824,1.1892
20260715 220035 129,4071.40,1,4070.80,4071.50,0.70,4070.80,2,4070.70,2,4070.60,4,4070.50,2,4070.40,1,4070.30,3,4070.10,2,4070.00,9,4069.60,5,4069.50,1,4071.50,2,4071.60,2,4071.70,3,4071.80,3,4071.90,2,4072.00,2,4072.20,3,4072.30,2,4072.40,12,4072.50,5,Buy,123,106,229,17.00,26.00,-3.00,3.60,58.3,4069.30,4072.00,4068.40,4071.40,21,32,53,-11.00,2.00,-16.00,0.70,14.3,0,0,0.4545,0.5294,-47.00,-45.00,4063.98,0.5900,UP,91.00,0.5824,1.1892
20260715 220035 129,4071.50,1,4070.80,4071.50,0.70,4070.80,2,4070.70,2,4070.60,4,4070.50,2,4070.40,1,4070.30,3,4070.10,2,4070.00,9,4069.60,5,4069.50,1,4071.50,2,4071.60,2,4071.70,3,4071.80,3,4071.90,2,4072.00,2,4072.20,3,4072.30,2,4072.40,12,4072.50,5,Buy,124,106,230,18.00,26.00,-3.00,3.60,61.1,4069.30,4072.00,4068.40,4071.50,21,32,53,-11.00,2.00,-16.00,0.70,14.3,0,0,0.4545,0.4444,-46.00,-44.00,4063.99,0.5932,UP,91.00,0.5824,1.1892
20260715 220035 979,4071.40,1,4070.80,4071.40,0.60,4070.80,4,4070.70,2,4070.60,4,4070.50,2,4070.30,3,4070.20,1,4070.10,2,4070.00,9,4069.70,1,4069.60,5,4071.60,4,4071.70,2,4071.80,4,4071.90,2,4072.00,2,4072.20,3,4072.30,2,4072.40,12,4072.50,4,4072.70,4,Buy,125,106,231,19.00,26.00,-3.00,3.60,58.3,4069.30,4072.00,4068.40,4071.40,21,32,53,-11.00,2.00,-16.00,0.70,14.3,0,0,0.4545,0.3684,-45.00,-43.00,4063.98,0.5900,UP,91.00,0.5824,1.1892
20260715 220037 498,4071.00,1,4071.00,4071.60,0.60,4071.00,2,4070.90,4,4070.80,3,4070.70,2,4070.60,4,4070.50,2,4070.30,3,4070.20,1,4070.10,2,4070.00,9,4071.60,4,4071.70,2,4071.80,3,4071.90,2,4072.00,2,4072.20,3,4072.30,2,4072.40,12,4072.50,4,4072.70,4,Sell,125,107,232,18.00,26.00,-3.00,3.60,47.2,4069.30,4072.00,4068.40,4071.00,21,32,53,-11.00,2.00,-16.00,0.70,14.3,0,0,0.4545,0.4444,-46.00,-44.00,4063.94,0.5773,UP,91.00,0.5824,1.1892
20260715 220037 670,4071.50,1,4071.10,4071.60,0.50,4071.10,2,4071.00,3,4070.90,4,4070.70,2,4070.60,5,4070.50,2,4070.30,3,4070.10,2,4070.00,9,4069.90,1,4071.60,2,4071.70,2,4071.80,2,4071.90,3,4072.00,2,4072.20,3,4072.30,2,4072.40,12,4072.50,4,4072.70,4,Buy,126,107,233,19.00,26.00,-3.00,3.60,61.1,4069.30,4072.00,4068.40,4071.50,21,32,53,-11.00,2.00,-16.00,0.70,14.3,0,0,0.4545,0.3684,-45.00,-43.00,4063.99,0.5932,UP,91.00,0.5824,1.1892
20260715 220037 670,4071.50,1,4071.10,4071.60,0.50,4071.10,2,4071.00,3,4070.90,4,4070.70,2,4070.60,5,4070.50,2,4070.30,3,4070.10,2,4070.00,9,4069.90,1,4071.60,2,4071.70,2,4071.80,2,4071.90,3,4072.00,2,4072.20,3,4072.30,2,4072.40,12,4072.50,4,4072.70,4,Buy,127,107,234,20.00,26.00,-3.00,3.60,61.1,4069.30,4072.00,4068.40,4071.50,21,32,53,-11.00,2.00,-16.00,0.70,14.3,0,0,0.4545,0.3000,-44.00,-42.00,4063.99,0.5932,UP,91.00,0.5824,1.1892
20260715 220037 670,4071.60,1,4071.10,4071.60,0.50,4071.10,2,4071.00,3,4070.90,4,4070.70,2,4070.60,5,4070.50,2,4070.30,3,4070.10,2,4070.00,9,4069.90,1,4071.60,2,4071.70,2,4071.80,2,4071.90,3,4072.00,2,4072.20,3,4072.30,2,4072.40,12,4072.50,4,4072.70,4,Buy,128,107,235,21.00,26.00,-3.00,3.60,63.9,4069.30,4072.00,4068.40,4071.60,21,32,53,-11.00,2.00,-16.00,0.70,14.3,0,0,0.4545,0.2381,-43.00,-41.00,4064.00,0.5963,UP,91.00,0.5824,1.1892
20260715 220037 670,4071.60,1,4071.10,4071.60,0.50,4071.10,2,4071.00,3,4070.90,4,4070.70,2,4070.60,5,4070.50,2,4070.30,3,4070.10,2,4070.00,9,4069.90,1,4071.60,2,4071.70,2,4071.80,2,4071.90,3,4072.00,2,4072.20,3,4072.30,2,4072.40,12,4072.50,4,4072.70,4,Buy,129,107,236,22.00,26.00,-3.00,3.60,63.9,4069.30,4072.00,4068.40,4071.60,21,32,53,-11.00,2.00,-16.00,0.70,14.3,0,0,0.4545,0.1818,-42.00,-40.00,4064.00,0.5963,UP,91.00,0.5824,1.1892
20260715 220037 670,4071.60,1,4071.10,4071.60,0.50,4071.10,2,4071.00,3,4070.90,4,4070.70,2,4070.60,5,4070.50,2,4070.30,3,4070.10,2,4070.00,9,4069.90,1,4071.60,2,4071.70,2,4071.80,2,4071.90,3,4072.00,2,4072.20,3,4072.30,2,4072.40,12,4072.50,4,4072.70,4,Buy,130,107,237,23.00,26.00,-3.00,3.60,63.9,4069.30,4072.00,4068.40,4071.60,21,32,53,-11.00,2.00,-16.00,0.70,14.3,0,0,0.4545,0.1304,-41.00,-39.00,4064.00,0.5963,UP,91.00,0.5824,1.1892
20260715 220038 305,4070.90,1,4070.70,4071.20,0.50,4070.70,2,4070.60,2,4070.50,2,4070.40,2,4070.30,3,4070.10,2,4070.00,9,4069.60,5,4069.50,1,4069.40,5,4071.20,2,4071.40,2,4071.50,1,4071.60,4,4071.70,3,4071.80,4,4071.90,2,4072.00,2,4072.20,3,4072.30,2,Sell,130,108,238,22.00,26.00,-3.00,3.60,44.4,4069.30,4072.00,4068.40,4070.90,21,32,53,-11.00,2.00,-16.00,0.70,14.3,0,0,0.4545,0.1818,-42.00,-40.00,4063.93,0.5741,UP,91.00,0.5824,1.1892
20260715 220039 960,4071.20,2,4071.00,4071.40,0.40,4071.00,1,4070.90,3,4070.80,5,4070.70,2,4070.60,5,4070.50,2,4070.30,3,4070.10,2,4070.00,9,4069.70,1,4071.40,1,4071.50,1,4071.60,3,4071.70,3,4071.80,4,4071.90,3,4072.00,3,4072.20,3,4072.30,3,4072.40,13,Buy,132,108,240,24.00,26.00,-3.00,3.60,52.8,4069.30,4072.00,4068.40,4071.20,21,32,53,-11.00,2.00,-16.00,0.70,14.3,0,0,0.4545,0.0833,-40.00,-38.00,4063.96,0.5836,UP,91.00,0.5824,1.1892
20260715 220039 960,4071.40,1,4071.00,4071.40,0.40,4071.00,1,4070.90,3,4070.80,5,4070.70,2,4070.60,5,4070.50,2,4070.30,3,4070.10,2,4070.00,9,4069.70,1,4071.40,1,4071.50,1,4071.60,3,4071.70,3,4071.80,4,4071.90,3,4072.00,3,4072.20,3,4072.30,3,4072.40,13,Buy,133,108,241,25.00,26.00,-3.00,3.60,58.3,4069.30,4072.00,4068.40,4071.40,21,32,53,-11.00,2.00,-16.00,0.70,14.3,0,0,0.4545,0.0400,-39.00,-37.00,4063.98,0.5900,UP,91.00,0.5824,1.1892
20260715 220039 960,4071.50,1,4071.00,4071.40,0.40,4071.00,1,4070.90,3,4070.80,5,4070.70,2,4070.60,5,4070.50,2,4070.30,3,4070.10,2,4070.00,9,4069.70,1,4071.40,1,4071.50,1,4071.60,3,4071.70,3,4071.80,4,4071.90,3,4072.00,3,4072.20,3,4072.30,3,4072.40,13,Buy,134,108,242,26.00,26.00,-3.00,3.60,61.1,4069.30,4072.00,4068.40,4071.50,21,32,53,-11.00,2.00,-16.00,0.70,14.3,0,0,0.4545,0.0000,-38.00,-36.00,4063.99,0.5932,UP,91.00,0.5824,1.1892
20260715 220041 224,4071.50,1,4071.20,4071.50,0.30,4071.20,3,4071.00,3,4070.90,3,4070.80,3,4070.70,2,4070.60,4,4070.50,2,4070.30,3,4070.10,2,4070.00,9,4071.70,1,4071.80,2,4071.90,2,4072.00,3,4072.20,3,4072.30,2,4072.40,13,4072.50,4,4072.70,4,4072.80,5,Buy,135,108,243,27.00,27.00,-3.00,3.60,61.1,4069.30,4072.00,4068.40,4071.50,21,32,53,-11.00,2.00,-16.00,0.70,14.3,0,0,0.4545,0.0000,-37.00,-35.00,4063.99,0.5932,UP,91.00,0.5824,1.1892
20260715 220041 348,4071.70,1,4071.20,4071.70,0.50,4071.20,3,4071.00,4,4070.90,2,4070.80,3,4070.70,2,4070.60,4,4070.50,2,4070.30,3,4070.10,2,4070.00,9,4071.80,2,4071.90,2,4072.00,3,4072.20,3,4072.30,2,4072.40,13,4072.50,4,4072.70,4,4072.80,5,4072.90,5,Buy,136,108,244,28.00,28.00,-3.00,3.60,66.7,4069.30,4072.00,4068.40,4071.70,21,32,53,-11.00,2.00,-16.00,0.70,14.3,0,0,0.4545,0.0000,-36.00,-34.00,4064.01,0.5995,UP,91.00,0.5824,1.1892
20260715 220041 520,4071.80,1,4071.00,4071.70,0.70,4071.00,3,4070.90,2,4070.80,3,4070.70,2,4070.60,4,4070.50,2,4070.40,1,4070.30,3,4070.10,2,4070.00,9,4071.70,3,4071.80,2,4071.90,2,4072.00,3,4072.10,1,4072.20,3,4072.30,2,4072.40,12,4072.50,4,4072.70,4,Buy,137,108,245,29.00,29.00,-3.00,3.60,69.4,4069.30,4072.00,4068.40,4071.80,21,32,53,-11.00,2.00,-16.00,0.70,14.3,0,0,0.4545,0.0000,-35.00,-33.00,4064.02,0.6027,UP,91.00,0.5824,1.1892
20260715 220041 673,4071.00,1,4070.80,4071.30,0.50,4070.80,1,4070.70,2,4070.60,2,4070.50,2,4070.30,3,4070.10,2,4070.00,9,4069.60,5,4069.50,1,4069.40,6,4071.30,3,4071.40,4,4071.50,2,4071.60,3,4071.70,3,4071.80,4,4071.90,2,4072.00,3,4072.20,3,4072.30,2,Sell,137,109,246,28.00,29.00,-3.00,3.60,47.2,4069.30,4072.00,4068.40,4071.00,21,32,53,-11.00,2.00,-16.00,0.70,14.3,0,0,0.4545,0.0357,-36.00,-34.00,4063.94,0.5773,UP,91.00,0.5824,1.1892
20260715 220041 673,4071.00,1,4070.80,4071.30,0.50,4070.80,1,4070.70,2,4070.60,2,4070.50,2,4070.30,3,4070.10,2,4070.00,9,4069.60,5,4069.50,1,4069.40,6,4071.30,3,4071.40,4,4071.50,2,4071.60,3,4071.70,3,4071.80,4,4071.90,2,4072.00,3,4072.20,3,4072.30,2,Sell,137,110,247,27.00,29.00,-3.00,3.60,47.2,4069.30,4072.00,4068.40,4071.00,21,32,53,-11.00,2.00,-16.00,0.70,14.3,0,0,0.4545,0.0741,-37.00,-35.00,4063.94,0.5773,UP,91.00,0.5824,1.1892
20260715 220041 673,4071.00,1,4070.80,4071.30,0.50,4070.80,1,4070.70,2,4070.60,2,4070.50,2,4070.30,3,4070.10,2,4070.00,9,4069.60,5,4069.50,1,4069.40,6,4071.30,3,4071.40,4,4071.50,2,4071.60,3,4071.70,3,4071.80,4,4071.90,2,4072.00,3,4072.20,3,4072.30,2,Sell,137,111,248,26.00,29.00,-3.00,3.60,47.2,4069.30,4072.00,4068.40,4071.00,21,32,53,-11.00,2.00,-16.00,0.70,14.3,0,0,0.4545,0.1154,-38.00,-36.00,4063.94,0.5773,UP,91.00,0.5824,1.1892
20260715 220041 673,4070.90,1,4070.80,4071.30,0.50,4070.80,1,4070.70,2,4070.60,2,4070.50,2,4070.30,3,4070.10,2,4070.00,9,4069.60,5,4069.50,1,4069.40,6,4071.30,3,4071.40,4,4071.50,2,4071.60,3,4071.70,3,4071.80,4,4071.90,2,4072.00,3,4072.20,3,4072.30,2,Sell,137,112,249,25.00,29.00,-3.00,3.60,44.4,4069.30,4072.00,4068.40,4070.90,21,32,53,-11.00,2.00,-16.00,0.70,14.3,0,0,0.4545,0.1600,-39.00,-37.00,4063.93,0.5741,UP,91.00,0.5824,1.1892
20260715 220041 673,4070.90,1,4070.80,4071.30,0.50,4070.80,1,4070.70,2,4070.60,2,4070.50,2,4070.30,3,4070.10,2,4070.00,9,4069.60,5,4069.50,1,4069.40,6,4071.30,3,4071.40,4,4071.50,2,4071.60,3,4071.70,3,4071.80,4,4071.90,2,4072.00,3,4072.20,3,4072.30,2,Sell,137,113,250,24.00,29.00,-3.00,3.60,44.4,4069.30,4072.00,4068.40,4070.90,21,32,53,-11.00,2.00,-16.00,0.70,14.3,0,0,0.4545,0.2083,-40.00,-38.00,4063.93,0.5741,UP,91.00,0.5824,1.1892
20260715 220041 673,4070.80,1,4070.80,4071.30,0.50,4070.80,1,4070.70,2,4070.60,2,4070.50,2,4070.30,3,4070.10,2,4070.00,9,4069.60,5,4069.50,1,4069.40,6,4071.30,3,4071.40,4,4071.50,2,4071.60,3,4071.70,3,4071.80,4,4071.90,2,4072.00,3,4072.20,3,4072.30,2,Sell,137,114,251,23.00,29.00,-3.00,3.60,41.7,4069.30,4072.00,4068.40,4070.80,21,32,53,-11.00,2.00,-16.00,0.70,14.3,0,0,0.4545,0.2609,-41.00,-39.00,4063.93,0.5709,UP,91.00,0.5824,1.1892
