Timestamp,Last,Volume,Bid,Ask,Spread,BidPrice1,BidQty1,BidPrice2,BidQty2,BidPrice3,BidQty3,BidPrice4,BidQty4,BidPrice5,BidQty5,BidPrice6,BidQty6,BidPrice7,BidQty7,BidPrice8,BidQty8,BidPrice9,BidQty9,BidPrice10,BidQty10,AskPrice1,AskQty1,AskPrice2,AskQty2,AskPrice3,AskQty3,AskPrice4,AskQty4,AskPrice5,AskQty5,AskPrice6,AskQty6,AskPrice7,AskQty7,AskPrice8,AskQty8,AskPrice9,AskQty9,AskPrice10,AskQty10,Aggressor,CurBarBuyVol,CurBarSellVol,CurBarTotalVol,CurBarDelta,CurBarMaxSeen,CurBarMinSeen,CurBarRange,CurBarBodyPct,CurBarOpen,CurBarHigh,CurBarLow,CurBarClose,PrevBarBuyVol,PrevBarSellVol,PrevBarTotalVol,PrevBarDelta,PrevBarMaxSeen,PrevBarMinSeen,PrevBarRange,PrevBarBodyPct,PrevBar30sAggDelta,PrevBar30sTradeCount,PrevBarAbsorbRatio,IntraAbsorbRatio,CumDelta5Bars,CumDelta10Bars,HTFEmaValue,HTFEmaSlope,HTFEmaDir,H2_HourlyVolBaseline,H2_PrevBarVolMultiple,ATRValue
20260721 220000 319,4082.90,11,4092.30,4075.00,0.00,4092.30,4,4084.40,5,4083.20,1,4082.80,10,4082.20,1,4081.90,1,4081.60,2,4081.00,2,4080.70,1,4080.50,2,4075.00,2,4081.60,6,4082.30,1,4082.80,2,4083.00,1,4083.40,1,4083.70,1,4084.00,1,4084.20,2,4084.30,1,Buy,11,0,11,11.00,11.00,11.00,0.00,0.0,4082.90,4082.90,4082.90,4082.90,30,44,74,-14.00,2.00,-25.00,0.80,75.0,0,0,0.7857,0.0000,-13.00,-58.00,4082.21,0.1212,UP,110.50,0.6697,1.0657
20260721 220000 463,4083.00,1,4082.80,4083.70,0.90,4082.80,4,4082.20,1,4082.00,10,4081.90,1,4081.60,2,4081.50,1,4081.00,2,4080.70,1,4080.50,2,4080.10,1,4083.70,1,4084.00,1,4084.20,2,4084.30,1,4084.90,1,4085.30,2,4085.60,2,4086.90,1,4087.00,1,4087.40,1,Buy,12,0,12,12.00,12.00,11.00,0.10,100.0,4082.90,4083.00,4082.90,4083.00,30,44,74,-14.00,2.00,-25.00,0.80,75.0,0,0,0.7857,0.0000,-12.00,-57.00,4082.22,0.1244,UP,110.50,0.6697,1.0728
20260721 220000 463,4082.80,5,4082.80,4083.70,0.90,4082.80,4,4082.20,1,4082.00,10,4081.90,1,4081.60,2,4081.50,1,4081.00,2,4080.70,1,4080.50,2,4080.10,1,4083.70,1,4084.00,1,4084.20,2,4084.30,1,4084.90,1,4085.30,2,4085.60,2,4086.90,1,4087.00,1,4087.40,1,Sell,12,5,17,7.00,12.00,7.00,0.20,50.0,4082.90,4083.00,4082.80,4082.80,30,44,74,-14.00,2.00,-25.00,0.80,75.0,0,0,0.7857,0.7143,-17.00,-62.00,4082.20,0.1180,UP,110.50,0.6697,1.0728
20260721 220000 464,4082.80,1,4082.80,4083.70,0.90,4082.80,4,4082.20,1,4082.00,10,4081.90,1,4081.60,2,4081.50,1,4081.00,2,4080.70,1,4080.50,2,4080.10,1,4083.70,1,4084.00,1,4084.20,2,4084.30,1,4084.90,1,4085.30,2,4085.60,2,4086.90,1,4087.00,1,4087.40,1,Sell,12,6,18,6.00,12.00,6.00,0.20,50.0,4082.90,4083.00,4082.80,4082.80,30,44,74,-14.00,2.00,-25.00,0.80,75.0,0,0,0.7857,1.0000,-18.00,-63.00,4082.20,0.1180,UP,110.50,0.6697,1.0728
20260721 220000 464,4082.80,2,4082.80,4083.70,0.90,4082.80,4,4082.20,1,4082.00,10,4081.90,1,4081.60,2,4081.50,1,4081.00,2,4080.70,1,4080.50,2,4080.10,1,4083.70,1,4084.00,1,4084.20,2,4084.30,1,4084.90,1,4085.30,2,4085.60,2,4086.90,1,4087.00,1,4087.40,1,Sell,12,8,20,4.00,12.00,4.00,0.20,50.0,4082.90,4083.00,4082.80,4082.80,30,44,74,-14.00,2.00,-25.00,0.80,75.0,0,0,0.7857,2.0000,-20.00,-65.00,4082.20,0.1180,UP,110.50,0.6697,1.0728
20260721 220000 469,4083.40,1,4082.80,4083.70,0.90,4082.80,4,4082.20,1,4082.00,10,4081.90,1,4081.60,2,4081.50,1,4081.00,2,4080.70,1,4080.50,2,4080.10,1,4083.70,1,4084.00,1,4084.20,2,4084.30,1,4084.90,1,4085.30,2,4085.60,2,4086.90,1,4087.00,1,4087.40,1,Buy,13,8,21,5.00,12.00,4.00,0.60,83.3,4082.90,4083.40,4082.80,4083.40,30,44,74,-14.00,2.00,-25.00,0.80,75.0,0,0,0.7857,1.4000,-19.00,-64.00,4082.26,0.1371,UP,110.50,0.6697,1.1014
20260721 220000 563,4083.10,1,4083.00,4083.70,0.70,4082.90,1,4082.80,3,4082.20,1,4082.00,10,4081.90,1,4081.60,3,4081.00,2,4080.70,1,4080.50,2,4080.10,1,4083.70,1,4084.00,1,4084.20,2,4084.30,1,4084.90,1,4085.30,2,4085.60,2,4086.90,1,4087.00,1,4087.40,1,Sell,13,9,22,4.00,12.00,4.00,0.60,33.3,4082.90,4083.40,4082.80,4083.10,30,44,74,-14.00,2.00,-25.00,0.80,75.0,0,0,0.7857,2.0000,-20.00,-65.00,4082.23,0.1276,UP,110.50,0.6697,1.1014
20260721 220000 563,4082.90,1,4083.00,4083.70,0.70,4082.90,1,4082.80,3,4082.20,1,4082.00,10,4081.90,1,4081.60,3,4081.00,2,4080.70,1,4080.50,2,4080.10,1,4083.70,1,4084.00,1,4084.20,2,4084.30,1,4084.90,1,4085.30,2,4085.60,2,4086.90,1,4087.00,1,4087.40,1,Sell,13,10,23,3.00,12.00,3.00,0.60,0.0,4082.90,4083.40,4082.80,4082.90,30,44,74,-14.00,2.00,-25.00,0.80,75.0,0,0,0.7857,3.0000,-21.00,-66.00,4082.21,0.1212,UP,110.50,0.6697,1.1014
20260721 220000 563,4082.80,2,4083.00,4083.70,0.70,4082.90,1,4082.80,3,4082.20,1,4082.00,10,4081.90,1,4081.60,3,4081.00,2,4080.70,1,4080.50,2,4080.10,1,4083.70,1,4084.00,1,4084.20,2,4084.30,1,4084.90,1,4085.30,2,4085.60,2,4086.90,1,4087.00,1,4087.40,1,Sell,13,12,25,1.00,12.00,1.00,0.60,16.7,4082.90,4083.40,4082.80,4082.80,30,44,74,-14.00,2.00,-25.00,0.80,75.0,0,0,0.7857,11.0000,-23.00,-68.00,4082.20,0.1180,UP,110.50,0.6697,1.1014
20260721 220000 564,4083.30,1,4083.00,4083.70,0.70,4082.90,1,4082.80,3,4082.20,1,4082.00,10,4081.90,1,4081.60,3,4081.00,2,4080.70,1,4080.50,2,4080.10,1,4083.70,1,4084.00,1,4084.20,2,4084.30,1,4084.90,1,4085.30,2,4085.60,2,4086.90,1,4087.00,1,4087.40,1,Buy,14,12,26,2.00,12.00,1.00,0.60,66.7,4082.90,4083.40,4082.80,4083.30,30,44,74,-14.00,2.00,-25.00,0.80,75.0,0,0,0.7857,5.0000,-22.00,-67.00,4082.25,0.1339,UP,110.50,0.6697,1.1014
20260721 220000 590,4083.60,1,4083.20,4083.90,0.70,4083.20,5,4083.10,1,4083.00,1,4082.20,1,4082.00,10,4081.90,1,4081.60,3,4081.00,2,4080.70,1,4080.50,2,4083.90,3,4084.00,2,4084.10,3,4084.20,3,4084.30,2,4084.90,1,4085.10,2,4085.30,2,4085.60,2,4086.90,1,Buy,15,12,27,3.00,12.00,1.00,0.80,87.5,4082.90,4083.60,4082.80,4083.60,30,44,74,-14.00,2.00,-25.00,0.80,75.0,0,0,0.7857,3.0000,-21.00,-66.00,4082.28,0.1434,UP,110.50,0.6697,1.1157
20260721 220000 595,4083.70,1,4083.20,4083.90,0.70,4083.20,5,4083.10,1,4083.00,1,4082.20,1,4082.00,10,4081.90,1,4081.60,3,4081.00,2,4080.70,1,4080.50,2,4083.90,3,4084.00,2,4084.10,3,4084.20,3,4084.30,2,4084.90,1,4085.10,2,4085.30,2,4085.60,2,4086.90,1,Buy,16,12,28,4.00,12.00,1.00,0.90,88.9,4082.90,4083.70,4082.80,4083.70,30,44,74,-14.00,2.00,-25.00,0.80,75.0,0,0,0.7857,2.0000,-20.00,-65.00,4082.29,0.1466,UP,110.50,0.6697,1.1228
20260721 220000 610,4083.70,1,4083.20,4083.90,0.70,4083.20,5,4083.10,1,4083.00,1,4082.20,1,4082.00,10,4081.90,1,4081.60,3,4081.00,2,4080.70,1,4080.50,2,4083.90,3,4084.00,2,4084.10,3,4084.20,3,4084.30,2,4084.90,1,4085.10,2,4085.30,2,4085.60,2,4086.90,1,Buy,17,12,29,5.00,12.00,1.00,0.90,88.9,4082.90,4083.70,4082.80,4083.70,30,44,74,-14.00,2.00,-25.00,0.80,75.0,0,0,0.7857,1.4000,-19.00,-64.00,4082.29,0.1466,UP,110.50,0.6697,1.1228
20260721 220000 627,4083.60,1,4083.20,4083.90,0.70,4083.20,5,4083.10,1,4083.00,1,4082.20,1,4082.00,10,4081.90,1,4081.60,3,4081.00,2,4080.70,1,4080.50,2,4083.90,3,4084.00,2,4084.10,3,4084.20,3,4084.30,2,4084.90,1,4085.10,2,4085.30,2,4085.60,2,4086.90,1,Buy,18,12,30,6.00,12.00,1.00,0.90,77.8,4082.90,4083.70,4082.80,4083.60,30,44,74,-14.00,2.00,-25.00,0.80,75.0,0,0,0.7857,1.0000,-18.00,-63.00,4082.28,0.1434,UP,110.50,0.6697,1.1228
20260721 220000 628,4083.60,1,4083.20,4083.90,0.70,4083.20,5,4083.10,1,4083.00,1,4082.20,1,4082.00,10,4081.90,1,4081.60,3,4081.00,2,4080.70,1,4080.50,2,4083.90,3,4084.00,2,4084.10,3,4084.20,3,4084.30,2,4084.90,1,4085.10,2,4085.30,2,4085.60,2,4086.90,1,Buy,19,12,31,7.00,12.00,1.00,0.90,77.8,4082.90,4083.70,4082.80,4083.60,30,44,74,-14.00,2.00,-25.00,0.80,75.0,0,0,0.7857,0.7143,-17.00,-62.00,4082.28,0.1434,UP,110.50,0.6697,1.1228
20260721 220000 629,4083.60,1,4083.20,4083.90,0.70,4083.20,5,4083.10,1,4083.00,1,4082.20,1,4082.00,10,4081.90,1,4081.60,3,4081.00,2,4080.70,1,4080.50,2,4083.90,3,4084.00,2,4084.10,3,4084.20,3,4084.30,2,4084.90,1,4085.10,2,4085.30,2,4085.60,2,4086.90,1,Buy,20,12,32,8.00,12.00,1.00,0.90,77.8,4082.90,4083.70,4082.80,4083.60,30,44,74,-14.00,2.00,-25.00,0.80,75.0,0,0,0.7857,0.5000,-16.00,-61.00,4082.28,0.1434,UP,110.50,0.6697,1.1228
20260721 220000 629,4083.60,1,4083.20,4083.90,0.70,4083.20,5,4083.10,1,4083.00,1,4082.20,1,4082.00,10,4081.90,1,4081.60,3,4081.00,2,4080.70,1,4080.50,2,4083.90,3,4084.00,2,4084.10,3,4084.20,3,4084.30,2,4084.90,1,4085.10,2,4085.30,2,4085.60,2,4086.90,1,Buy,21,12,33,9.00,12.00,1.00,0.90,77.8,4082.90,4083.70,4082.80,4083.60,30,44,74,-14.00,2.00,-25.00,0.80,75.0,0,0,0.7857,0.3333,-15.00,-60.00,4082.28,0.1434,UP,110.50,0.6697,1.1228
20260721 220000 630,4083.60,1,4083.20,4083.90,0.70,4083.20,5,4083.10,1,4083.00,1,4082.20,1,4082.00,10,4081.90,1,4081.60,3,4081.00,2,4080.70,1,4080.50,2,4083.90,3,4084.00,2,4084.10,3,4084.20,3,4084.30,2,4084.90,1,4085.10,2,4085.30,2,4085.60,2,4086.90,1,Buy,22,12,34,10.00,12.00,1.00,0.90,77.8,4082.90,4083.70,4082.80,4083.60,30,44,74,-14.00,2.00,-25.00,0.80,75.0,0,0,0.7857,0.2000,-14.00,-59.00,4082.28,0.1434,UP,110.50,0.6697,1.1228
20260721 220000 632,4083.60,1,4083.20,4083.90,0.70,4083.20,5,4083.10,1,4083.00,1,4082.20,1,4082.00,10,4081.90,1,4081.60,3,4081.00,2,4080.70,1,4080.50,2,4083.90,3,4084.00,2,4084.10,3,4084.20,3,4084.30,2,4084.90,1,4085.10,2,4085.30,2,4085.60,2,4086.90,1,Buy,23,12,35,11.00,12.00,1.00,0.90,77.8,4082.90,4083.70,4082.80,4083.60,30,44,74,-14.00,2.00,-25.00,0.80,75.0,0,0,0.7857,0.0909,-13.00,-58.00,4082.28,0.1434,UP,110.50,0.6697,1.1228
20260721 220000 632,4083.60,1,4083.20,4083.90,0.70,4083.20,5,4083.10,1,4083.00,1,4082.20,1,4082.00,10,4081.90,1,4081.60,3,4081.00,2,4080.70,1,4080.50,2,4083.90,3,4084.00,2,4084.10,3,4084.20,3,4084.30,2,4084.90,1,4085.10,2,4085.30,2,4085.60,2,4086.90,1,Buy,24,12,36,12.00,12.00,1.00,0.90,77.8,4082.90,4083.70,4082.80,4083.60,30,44,74,-14.00,2.00,-25.00,0.80,75.0,0,0,0.7857,0.0000,-12.00,-57.00,4082.28,0.1434,UP,110.50,0.6697,1.1228
20260721 220000 632,4083.70,1,4083.20,4083.90,0.70,4083.20,5,4083.10,1,4083.00,1,4082.20,1,4082.00,10,4081.90,1,4081.60,3,4081.00,2,4080.70,1,4080.50,2,4083.90,3,4084.00,2,4084.10,3,4084.20,3,4084.30,2,4084.90,1,4085.10,2,4085.30,2,4085.60,2,4086.90,1,Buy,25,12,37,13.00,13.00,1.00,0.90,88.9,4082.90,4083.70,4082.80,4083.70,30,44,74,-14.00,2.00,-25.00,0.80,75.0,0,0,0.7857,0.0000,-11.00,-56.00,4082.29,0.1466,UP,110.50,0.6697,1.1228
20260721 220000 640,4083.60,1,4083.20,4083.90,0.70,4083.20,5,4083.10,1,4083.00,1,4082.20,1,4082.00,10,4081.90,1,4081.60,3,4081.00,2,4080.70,1,4080.50,2,4083.90,3,4084.00,2,4084.10,3,4084.20,3,4084.30,2,4084.90,1,4085.10,2,4085.30,2,4085.60,2,4086.90,1,Buy,26,12,38,14.00,14.00,1.00,0.90,77.8,4082.90,4083.70,4082.80,4083.60,30,44,74,-14.00,2.00,-25.00,0.80,75.0,0,0,0.7857,0.0000,-10.00,-55.00,4082.28,0.1434,UP,110.50,0.6697,1.1228
20260721 220000 652,4083.50,1,4083.20,4083.90,0.70,4083.20,5,4083.10,1,4083.00,1,4082.20,1,4082.00,10,4081.90,1,4081.60,3,4081.00,2,4080.70,1,4080.50,2,4083.90,3,4084.00,2,4084.10,3,4084.20,3,4084.30,2,4084.90,1,4085.10,2,4085.30,2,4085.60,2,4086.90,1,Buy,27,12,39,15.00,15.00,1.00,0.90,66.7,4082.90,4083.70,4082.80,4083.50,30,44,74,-14.00,2.00,-25.00,0.80,75.0,0,0,0.7857,0.0000,-9.00,-54.00,4082.27,0.1403,UP,110.50,0.6697,1.1228
20260721 220000 655,4083.90,1,4083.50,4085.00,1.50,4083.60,1,4083.50,2,4083.20,5,4083.10,1,4083.00,1,4082.20,1,4082.10,5,4082.00,10,4081.90,6,4081.80,5,4085.00,1,4085.30,3,4085.60,2,4085.70,2,4086.90,1,4087.00,1,4087.40,1,4087.70,1,4087.80,1,4088.00,3,Buy,28,12,40,16.00,16.00,1.00,1.10,90.9,4082.90,4083.90,4082.80,4083.90,30,44,74,-14.00,2.00,-25.00,0.80,75.0,0,0,0.7857,0.0000,-8.00,-53.00,4082.31,0.1530,UP,110.50,0.6697,1.1371
20260721 220000 667,4083.90,1,4083.50,4085.00,1.50,4083.60,1,4083.50,2,4083.20,5,4083.10,1,4083.00,1,4082.20,1,4082.10,5,4082.00,10,4081.90,6,4081.80,5,4085.00,1,4085.30,3,4085.60,2,4085.70,2,4086.90,1,4087.00,1,4087.40,1,4087.70,1,4087.80,1,4088.00,3,Buy,29,12,41,17.00,17.00,1.00,1.10,90.9,4082.90,4083.90,4082.80,4083.90,30,44,74,-14.00,2.00,-25.00,0.80,75.0,0,0,0.7857,0.0000,-7.00,-52.00,4082.31,0.1530,UP,110.50,0.6697,1.1371
20260721 220000 667,4083.90,1,4083.50,4085.00,1.50,4083.60,1,4083.50,2,4083.20,5,4083.10,1,4083.00,1,4082.20,1,4082.10,5,4082.00,10,4081.90,6,4081.80,5,4085.00,1,4085.30,3,4085.60,2,4085.70,2,4086.90,1,4087.00,1,4087.40,1,4087.70,1,4087.80,1,4088.00,3,Buy,30,12,42,18.00,18.00,1.00,1.10,90.9,4082.90,4083.90,4082.80,4083.90,30,44,74,-14.00,2.00,-25.00,0.80,75.0,0,0,0.7857,0.0000,-6.00,-51.00,4082.31,0.1530,UP,110.50,0.6697,1.1371
20260721 220000 671,4083.90,1,4083.50,4085.00,1.50,4083.60,1,4083.50,2,4083.20,5,4083.10,1,4083.00,1,4082.20,1,4082.10,5,4082.00,10,4081.90,6,4081.80,5,4085.00,1,4085.30,3,4085.60,2,4085.70,2,4086.90,1,4087.00,1,4087.40,1,4087.70,1,4087.80,1,4088.00,3,Buy,31,12,43,19.00,19.00,1.00,1.10,90.9,4082.90,4083.90,4082.80,4083.90,30,44,74,-14.00,2.00,-25.00,0.80,75.0,0,0,0.7857,0.0000,-5.00,-50.00,4082.31,0.1530,UP,110.50,0.6697,1.1371
20260721 220000 671,4083.90,2,4083.50,4085.00,1.50,4083.60,1,4083.50,2,4083.20,5,4083.10,1,4083.00,1,4082.20,1,4082.10,5,4082.00,10,4081.90,6,4081.80,5,4085.00,1,4085.30,3,4085.60,2,4085.70,2,4086.90,1,4087.00,1,4087.40,1,4087.70,1,4087.80,1,4088.00,3,Buy,33,12,45,21.00,21.00,1.00,1.10,90.9,4082.90,4083.90,4082.80,4083.90,30,44,74,-14.00,2.00,-25.00,0.80,75.0,0,0,0.7857,0.0000,-3.00,-48.00,4082.31,0.1530,UP,110.50,0.6697,1.1371
20260721 220000 671,4084.00,1,4083.50,4085.00,1.50,4083.60,1,4083.50,2,4083.20,5,4083.10,1,4083.00,1,4082.20,1,4082.10,5,4082.00,10,4081.90,6,4081.80,5,4085.00,1,4085.30,3,4085.60,2,4085.70,2,4086.90,1,4087.00,1,4087.40,1,4087.70,1,4087.80,1,4088.00,3,Buy,34,12,46,22.00,22.00,1.00,1.20,91.7,4082.90,4084.00,4082.80,4084.00,30,44,74,-14.00,2.00,-25.00,0.80,75.0,0,0,0.7857,0.0000,-2.00,-47.00,4082.32,0.1561,UP,110.50,0.6697,1.1442
20260721 220000 671,4084.00,1,4083.50,4085.00,1.50,4083.60,1,4083.50,2,4083.20,5,4083.10,1,4083.00,1,4082.20,1,4082.10,5,4082.00,10,4081.90,6,4081.80,5,4085.00,1,4085.30,3,4085.60,2,4085.70,2,4086.90,1,4087.00,1,4087.40,1,4087.70,1,4087.80,1,4088.00,3,Buy,35,12,47,23.00,23.00,1.00,1.20,91.7,4082.90,4084.00,4082.80,4084.00,30,44,74,-14.00,2.00,-25.00,0.80,75.0,0,0,0.7857,0.0000,-1.00,-46.00,4082.32,0.1561,UP,110.50,0.6697,1.1442
20260721 220000 671,4084.10,1,4083.50,4085.00,1.50,4083.60,1,4083.50,2,4083.20,5,4083.10,1,4083.00,1,4082.20,1,4082.10,5,4082.00,10,4081.90,6,4081.80,5,4085.00,1,4085.30,3,4085.60,2,4085.70,2,4086.90,1,4087.00,1,4087.40,1,4087.70,1,4087.80,1,4088.00,3,Buy,36,12,48,24.00,24.00,1.00,1.30,92.3,4082.90,4084.10,4082.80,4084.10,30,44,74,-14.00,2.00,-25.00,0.80,75.0,0,0,0.7857,0.0000,0.00,-45.00,4082.33,0.1593,UP,110.50,0.6697,1.1514
20260721 220000 671,4084.20,1,4083.50,4085.00,1.50,4083.60,1,4083.50,2,4083.20,5,4083.10,1,4083.00,1,4082.20,1,4082.10,5,4082.00,10,4081.90,6,4081.80,5,4085.00,1,4085.30,3,4085.60,2,4085.70,2,4086.90,1,4087.00,1,4087.40,1,4087.70,1,4087.80,1,4088.00,3,Buy,37,12,49,25.00,25.00,1.00,1.40,92.9,4082.90,4084.20,4082.80,4084.20,30,44,74,-14.00,2.00,-25.00,0.80,75.0,0,0,0.7857,0.0000,1.00,-44.00,4082.34,0.1625,UP,110.50,0.6697,1.1585
20260721 220000 671,4084.20,1,4083.50,4085.00,1.50,4083.60,1,4083.50,2,4083.20,5,4083.10,1,4083.00,1,4082.20,1,4082.10,5,4082.00,10,4081.90,6,4081.80,5,4085.00,1,4085.30,3,4085.60,2,4085.70,2,4086.90,1,4087.00,1,4087.40,1,4087.70,1,4087.80,1,4088.00,3,Buy,38,12,50,26.00,26.00,1.00,1.40,92.9,4082.90,4084.20,4082.80,4084.20,30,44,74,-14.00,2.00,-25.00,0.80,75.0,0,0,0.7857,0.0000,2.00,-43.00,4082.34,0.1625,UP,110.50,0.6697,1.1585
20260721 220000 671,4084.20,1,4083.50,4085.00,1.50,4083.60,1,4083.50,2,4083.20,5,4083.10,1,4083.00,1,4082.20,1,4082.10,5,4082.00,10,4081.90,6,4081.80,5,4085.00,1,4085.30,3,4085.60,2,4085.70,2,4086.90,1,4087.00,1,4087.40,1,4087.70,1,4087.80,1,4088.00,3,Buy,39,12,51,27.00,27.00,1.00,1.40,92.9,4082.90,4084.20,4082.80,4084.20,30,44,74,-14.00,2.00,-25.00,0.80,75.0,0,0,0.7857,0.0000,3.00,-42.00,4082.34,0.1625,UP,110.50,0.6697,1.1585
20260721 220000 671,4084.30,1,4083.50,4085.00,1.50,4083.60,1,4083.50,2,4083.20,5,4083.10,1,4083.00,1,4082.20,1,4082.10,5,4082.00,10,4081.90,6,4081.80,5,4085.00,1,4085.30,3,4085.60,2,4085.70,2,4086.90,1,4087.00,1,4087.40,1,4087.70,1,4087.80,1,4088.00,3,Buy,40,12,52,28.00,28.00,1.00,1.50,93.3,4082.90,4084.30,4082.80,4084.30,30,44,74,-14.00,2.00,-25.00,0.80,75.0,0,0,0.7857,0.0000,4.00,-41.00,4082.34,0.1657,UP,110.50,0.6697,1.1657
20260721 220000 671,4084.30,1,4083.50,4085.00,1.50,4083.60,1,4083.50,2,4083.20,5,4083.10,1,4083.00,1,4082.20,1,4082.10,5,4082.00,10,4081.90,6,4081.80,5,4085.00,1,4085.30,3,4085.60,2,4085.70,2,4086.90,1,4087.00,1,4087.40,1,4087.70,1,4087.80,1,4088.00,3,Buy,41,12,53,29.00,29.00,1.00,1.50,93.3,4082.90,4084.30,4082.80,4084.30,30,44,74,-14.00,2.00,-25.00,0.80,75.0,0,0,0.7857,0.0000,5.00,-40.00,4082.34,0.1657,UP,110.50,0.6697,1.1657
20260721 220000 671,4084.90,1,4083.50,4085.00,1.50,4083.60,1,4083.50,2,4083.20,5,4083.10,1,4083.00,1,4082.20,1,4082.10,5,4082.00,10,4081.90,6,4081.80,5,4085.00,1,4085.30,3,4085.60,2,4085.70,2,4086.90,1,4087.00,1,4087.40,1,4087.70,1,4087.80,1,4088.00,3,Buy,42,12,54,30.00,30.00,1.00,2.10,95.2,4082.90,4084.90,4082.80,4084.90,30,44,74,-14.00,2.00,-25.00,0.80,75.0,0,0,0.7857,0.0000,6.00,-39.00,4082.40,0.1847,UP,110.50,0.6697,1.2085
20260721 220000 696,4083.80,1,4083.50,4085.00,1.50,4083.60,1,4083.50,2,4083.20,5,4083.10,1,4083.00,1,4082.20,1,4082.10,5,4082.00,10,4081.90,6,4081.80,5,4085.00,1,4085.30,3,4085.60,2,4085.70,2,4086.90,1,4087.00,1,4087.40,1,4087.70,1,4087.80,1,4088.00,3,Buy,43,12,55,31.00,31.00,1.00,2.10,42.9,4082.90,4084.90,4082.80,4083.80,30,44,74,-14.00,2.00,-25.00,0.80,75.0,0,0,0.7857,0.0000,7.00,-38.00,4082.30,0.1498,UP,110.50,0.6697,1.2085
20260721 220000 717,4083.50,1,4083.50,4085.00,1.50,4083.60,1,4083.50,2,4083.20,5,4083.10,1,4083.00,1,4082.20,1,4082.10,5,4082.00,10,4081.90,6,4081.80,5,4085.00,1,4085.30,3,4085.60,2,4085.70,2,4086.90,1,4087.00,1,4087.40,1,4087.70,1,4087.80,1,4088.00,3,Sell,43,13,56,30.00,31.00,1.00,2.10,28.6,4082.90,4084.90,4082.80,4083.50,30,44,74,-14.00,2.00,-25.00,0.80,75.0,0,0,0.7857,0.0333,6.00,-39.00,4082.27,0.1403,UP,110.50,0.6697,1.2085
20260721 220000 760,4085.00,1,4084.00,4084.70,0.70,4084.00,1,4083.50,2,4083.20,6,4083.10,2,4083.00,2,4082.20,2,4082.10,5,4082.00,10,4081.90,6,4081.80,5,4084.70,3,4084.80,1,4085.20,2,4085.30,3,4085.60,2,4085.90,2,4086.90,1,4087.00,1,4087.40,1,4087.50,10,Buy,44,13,57,31.00,31.00,1.00,2.20,95.5,4082.90,4085.00,4082.80,4085.00,30,44,74,-14.00,2.00,-25.00,0.80,75.0,0,0,0.7857,0.0000,7.00,-38.00,4082.41,0.1879,UP,110.50,0.6697,1.2157
20260721 220000 760,4085.00,1,4084.00,4084.70,0.70,4084.00,1,4083.50,2,4083.20,6,4083.10,2,4083.00,2,4082.20,2,4082.10,5,4082.00,10,4081.90,6,4081.80,5,4084.70,3,4084.80,1,4085.20,2,4085.30,3,4085.60,2,4085.90,2,4086.90,1,4087.00,1,4087.40,1,4087.50,10,Buy,45,13,58,32.00,32.00,1.00,2.20,95.5,4082.90,4085.00,4082.80,4085.00,30,44,74,-14.00,2.00,-25.00,0.80,75.0,0,0,0.7857,0.0000,8.00,-37.00,4082.41,0.1879,UP,110.50,0.6697,1.2157
20260721 220000 767,4085.20,1,4084.00,4084.70,0.70,4084.00,1,4083.50,2,4083.20,6,4083.10,2,4083.00,2,4082.20,2,4082.10,5,4082.00,10,4081.90,6,4081.80,5,4084.70,3,4084.80,1,4085.20,2,4085.30,3,4085.60,2,4085.90,2,4086.90,1,4087.00,1,4087.40,1,4087.50,10,Buy,46,13,59,33.00,33.00,1.00,2.40,95.8,4082.90,4085.20,4082.80,4085.20,30,44,74,-14.00,2.00,-25.00,0.80,75.0,0,0,0.7857,0.0000,9.00,-36.00,4082.43,0.1942,UP,110.50,0.6697,1.2299
20260721 220000 770,4084.50,1,4084.00,4084.70,0.70,4084.00,1,4083.50,2,4083.20,6,4083.10,2,4083.00,2,4082.20,2,4082.10,5,4082.00,10,4081.90,6,4081.80,5,4084.70,3,4084.80,1,4085.20,2,4085.30,3,4085.60,2,4085.90,2,4086.90,1,4087.00,1,4087.40,1,4087.50,10,Sell,46,14,60,32.00,33.00,1.00,2.40,66.7,4082.90,4085.20,4082.80,4084.50,30,44,74,-14.00,2.00,-25.00,0.80,75.0,0,0,0.7857,0.0313,8.00,-37.00,4082.36,0.1720,UP,110.50,0.6697,1.2299
20260721 220000 817,4084.70,1,4084.70,4085.80,1.10,4084.70,5,4084.60,7,4084.50,1,4084.40,3,4084.00,5,4083.20,23,4083.10,2,4083.00,2,4082.80,1,4082.20,2,4085.80,1,4085.90,4,4086.90,3,4087.00,2,4087.40,2,4087.70,1,4087.80,1,4088.00,3,4088.10,10,4088.20,10,Buy,47,14,61,33.00,33.00,1.00,2.40,75.0,4082.90,4085.20,4082.80,4084.70,30,44,74,-14.00,2.00,-25.00,0.80,75.0,0,0,0.7857,0.0000,9.00,-36.00,4082.38,0.1783,UP,110.50,0.6697,1.2299
20260721 220000 817,4084.70,1,4084.70,4085.80,1.10,4084.70,5,4084.60,7,4084.50,1,4084.40,3,4084.00,5,4083.20,23,4083.10,2,4083.00,2,4082.80,1,4082.20,2,4085.80,1,4085.90,4,4086.90,3,4087.00,2,4087.40,2,4087.70,1,4087.80,1,4088.00,3,4088.10,10,4088.20,10,Buy,48,14,62,34.00,34.00,1.00,2.40,75.0,4082.90,4085.20,4082.80,4084.70,30,44,74,-14.00,2.00,-25.00,0.80,75.0,0,0,0.7857,0.0000,10.00,-35.00,4082.38,0.1783,UP,110.50,0.6697,1.2299
20260721 220000 817,4084.70,1,4084.70,4085.80,1.10,4084.70,5,4084.60,7,4084.50,1,4084.40,3,4084.00,5,4083.20,23,4083.10,2,4083.00,2,4082.80,1,4082.20,2,4085.80,1,4085.90,4,4086.90,3,4087.00,2,4087.40,2,4087.70,1,4087.80,1,4088.00,3,4088.10,10,4088.20,10,Buy,49,14,63,35.00,35.00,1.00,2.40,75.0,4082.90,4085.20,4082.80,4084.70,30,44,74,-14.00,2.00,-25.00,0.80,75.0,0,0,0.7857,0.0000,11.00,-34.00,4082.38,0.1783,UP,110.50,0.6697,1.2299
20260721 220000 817,4084.60,1,4084.70,4085.80,1.10,4084.70,5,4084.60,7,4084.50,1,4084.40,3,4084.00,5,4083.20,23,4083.10,2,4083.00,2,4082.80,1,4082.20,2,4085.80,1,4085.90,4,4086.90,3,4087.00,2,4087.40,2,4087.70,1,4087.80,1,4088.00,3,4088.10,10,4088.20,10,Buy,50,14,64,36.00,36.00,1.00,2.40,70.8,4082.90,4085.20,4082.80,4084.60,30,44,74,-14.00,2.00,-25.00,0.80,75.0,0,0,0.7857,0.0000,12.00,-33.00,4082.37,0.1752,UP,110.50,0.6697,1.2299
20260721 220000 825,4084.50,1,4084.70,4085.80,1.10,4084.70,5,4084.60,7,4084.50,1,4084.40,3,4084.00,5,4083.20,23,4083.10,2,4083.00,2,4082.80,1,4082.20,2,4085.80,1,4085.90,4,4086.90,3,4087.00,2,4087.40,2,4087.70,1,4087.80,1,4088.00,3,4088.10,10,4088.20,10,Buy,51,14,65,37.00,37.00,1.00,2.40,66.7,4082.90,4085.20,4082.80,4084.50,30,44,74,-14.00,2.00,-25.00,0.80,75.0,0,0,0.7857,0.0000,13.00,-32.00,4082.36,0.1720,UP,110.50,0.6697,1.2299
20260721 220000 825,4084.60,1,4084.70,4085.80,1.10,4084.70,5,4084.60,7,4084.50,1,4084.40,3,4084.00,5,4083.20,23,4083.10,2,4083.00,2,4082.80,1,4082.20,2,4085.80,1,4085.90,4,4086.90,3,4087.00,2,4087.40,2,4087.70,1,4087.80,1,4088.00,3,4088.10,10,4088.20,10,Buy,52,14,66,38.00,38.00,1.00,2.40,70.8,4082.90,4085.20,4082.80,4084.60,30,44,74,-14.00,2.00,-25.00,0.80,75.0,0,0,0.7857,0.0000,14.00,-31.00,4082.37,0.1752,UP,110.50,0.6697,1.2299
20260721 220000 842,4085.20,1,4084.70,4085.80,1.10,4084.70,5,4084.60,7,4084.50,1,4084.40,3,4084.00,5,4083.20,23,4083.10,2,4083.00,2,4082.80,1,4082.20,2,4085.80,1,4085.90,4,4086.90,3,4087.00,2,4087.40,2,4087.70,1,4087.80,1,4088.00,3,4088.10,10,4088.20,10,Buy,53,14,67,39.00,39.00,1.00,2.40,95.8,4082.90,4085.20,4082.80,4085.20,30,44,74,-14.00,2.00,-25.00,0.80,75.0,0,0,0.7857,0.0000,15.00,-30.00,4082.43,0.1942,UP,110.50,0.6697,1.2299
20260721 220000 845,4085.20,1,4084.70,4085.80,1.10,4084.70,5,4084.60,7,4084.50,1,4084.40,3,4084.00,5,4083.20,23,4083.10,2,4083.00,2,4082.80,1,4082.20,2,4085.80,1,4085.90,4,4086.90,3,4087.00,2,4087.40,2,4087.70,1,4087.80,1,4088.00,3,4088.10,10,4088.20,10,Buy,54,14,68,40.00,40.00,1.00,2.40,95.8,4082.90,4085.20,4082.80,4085.20,30,44,74,-14.00,2.00,-25.00,0.80,75.0,0,0,0.7857,0.0000,16.00,-29.00,4082.43,0.1942,UP,110.50,0.6697,1.2299
20260721 220000 845,4085.30,2,4084.70,4085.80,1.10,4084.70,5,4084.60,7,4084.50,1,4084.40,3,4084.00,5,4083.20,23,4083.10,2,4083.00,2,4082.80,1,4082.20,2,4085.80,1,4085.90,4,4086.90,3,4087.00,2,4087.40,2,4087.70,1,4087.80,1,4088.00,3,4088.10,10,4088.20,10,Buy,56,14,70,42.00,42.00,1.00,2.50,96.0,4082.90,4085.30,4082.80,4085.30,30,44,74,-14.00,2.00,-25.00,0.80,75.0,0,0,0.7857,0.0000,18.00,-27.00,4082.44,0.1974,UP,110.50,0.6697,1.2371
20260721 220000 849,4085.20,1,4084.70,4085.80,1.10,4084.70,5,4084.60,7,4084.50,1,4084.40,3,4084.00,5,4083.20,23,4083.10,2,4083.00,2,4082.80,1,4082.20,2,4085.80,1,4085.90,4,4086.90,3,4087.00,2,4087.40,2,4087.70,1,4087.80,1,4088.00,3,4088.10,10,4088.20,10,Buy,57,14,71,43.00,43.00,1.00,2.50,92.0,4082.90,4085.30,4082.80,4085.20,30,44,74,-14.00,2.00,-25.00,0.80,75.0,0,0,0.7857,0.0000,19.00,-26.00,4082.43,0.1942,UP,110.50,0.6697,1.2371
20260721 220000 849,4085.30,1,4084.70,4085.80,1.10,4084.70,5,4084.60,7,4084.50,1,4084.40,3,4084.00,5,4083.20,23,4083.10,2,4083.00,2,4082.80,1,4082.20,2,4085.80,1,4085.90,4,4086.90,3,4087.00,2,4087.40,2,4087.70,1,4087.80,1,4088.00,3,4088.10,10,4088.20,10,Buy,58,14,72,44.00,44.00,1.00,2.50,96.0,4082.90,4085.30,4082.80,4085.30,30,44,74,-14.00,2.00,-25.00,0.80,75.0,0,0,0.7857,0.0000,20.00,-25.00,4082.44,0.1974,UP,110.50,0.6697,1.2371
20260721 220000 849,4085.60,1,4084.70,4085.80,1.10,4084.70,5,4084.60,7,4084.50,1,4084.40,3,4084.00,5,4083.20,23,4083.10,2,4083.00,2,4082.80,1,4082.20,2,4085.80,1,4085.90,4,4086.90,3,4087.00,2,4087.40,2,4087.70,1,4087.80,1,4088.00,3,4088.10,10,4088.20,10,Buy,59,14,73,45.00,45.00,1.00,2.80,96.4,4082.90,4085.60,4082.80,4085.60,30,44,74,-14.00,2.00,-25.00,0.80,75.0,0,0,0.7857,0.0000,21.00,-24.00,4082.47,0.2069,UP,110.50,0.6697,1.2585
20260721 220000 849,4085.60,1,4084.70,4085.80,1.10,4084.70,5,4084.60,7,4084.50,1,4084.40,3,4084.00,5,4083.20,23,4083.10,2,4083.00,2,4082.80,1,4082.20,2,4085.80,1,4085.90,4,4086.90,3,4087.00,2,4087.40,2,4087.70,1,4087.80,1,4088.00,3,4088.10,10,4088.20,10,Buy,60,14,74,46.00,46.00,1.00,2.80,96.4,4082.90,4085.60,4082.80,4085.60,30,44,74,-14.00,2.00,-25.00,0.80,75.0,0,0,0.7857,0.0000,22.00,-23.00,4082.47,0.2069,UP,110.50,0.6697,1.2585
20260721 220000 849,4085.60,1,4084.70,4085.80,1.10,4084.70,5,4084.60,7,4084.50,1,4084.40,3,4084.00,5,4083.20,23,4083.10,2,4083.00,2,4082.80,1,4082.20,2,4085.80,1,4085.90,4,4086.90,3,4087.00,2,4087.40,2,4087.70,1,4087.80,1,4088.00,3,4088.10,10,4088.20,10,Buy,61,14,75,47.00,47.00,1.00,2.80,96.4,4082.90,4085.60,4082.80,4085.60,30,44,74,-14.00,2.00,-25.00,0.80,75.0,0,0,0.7857,0.0000,23.00,-22.00,4082.47,0.2069,UP,110.50,0.6697,1.2585
20260721 220000 855,4085.20,1,4084.70,4085.80,1.10,4084.70,5,4084.60,7,4084.50,1,4084.40,3,4084.00,5,4083.20,23,4083.10,2,4083.00,2,4082.80,1,4082.20,2,4085.80,1,4085.90,4,4086.90,3,4087.00,2,4087.40,2,4087.70,1,4087.80,1,4088.00,3,4088.10,10,4088.20,10,Buy,62,14,76,48.00,48.00,1.00,2.80,82.1,4082.90,4085.60,4082.80,4085.20,30,44,74,-14.00,2.00,-25.00,0.80,75.0,0,0,0.7857,0.0000,24.00,-21.00,4082.43,0.1942,UP,110.50,0.6697,1.2585
20260721 220000 876,4084.80,1,4084.00,4084.60,0.60,4084.00,2,4083.30,1,4083.20,6,4083.10,2,4083.00,2,4082.20,2,4082.10,22,4082.00,10,4081.90,6,4081.80,5,4084.70,3,4084.80,2,4085.60,2,4085.70,2,4085.90,3,4086.90,2,4087.00,2,4087.10,1,4087.20,1,4087.30,1,Sell,62,15,77,47.00,48.00,1.00,2.80,67.9,4082.90,4085.60,4082.80,4084.80,30,44,74,-14.00,2.00,-25.00,0.80,75.0,0,0,0.7857,0.0213,23.00,-22.00,4082.39,0.1815,UP,110.50,0.6697,1.2585
20260721 220000 880,4085.00,1,4084.00,4084.60,0.60,4084.00,2,4083.30,1,4083.20,6,4083.10,2,4083.00,2,4082.20,2,4082.10,22,4082.00,10,4081.90,6,4081.80,5,4084.70,3,4084.80,2,4085.60,2,4085.70,2,4085.90,3,4086.90,2,4087.00,2,4087.10,1,4087.20,1,4087.30,1,Sell,62,16,78,46.00,48.00,1.00,2.80,75.0,4082.90,4085.60,4082.80,4085.00,30,44,74,-14.00,2.00,-25.00,0.80,75.0,0,0,0.7857,0.0435,22.00,-23.00,4082.41,0.1879,UP,110.50,0.6697,1.2585
20260721 220000 883,4084.10,2,4084.00,4084.60,0.60,4084.00,2,4083.30,1,4083.20,6,4083.10,2,4083.00,2,4082.20,2,4082.10,22,4082.00,10,4081.90,6,4081.80,5,4084.70,3,4084.80,2,4085.60,2,4085.70,2,4085.90,3,4086.90,2,4087.00,2,4087.10,1,4087.20,1,4087.30,1,Sell,62,18,80,44.00,48.00,1.00,2.80,42.9,4082.90,4085.60,4082.80,4084.10,30,44,74,-14.00,2.00,-25.00,0.80,75.0,0,0,0.7857,0.0909,20.00,-25.00,4082.33,0.1593,UP,110.50,0.6697,1.2585
20260721 220000 912,4084.00,1,4084.00,4084.60,0.60,4084.00,2,4083.30,1,4083.20,6,4083.10,2,4083.00,2,4082.20,2,4082.10,22,4082.00,10,4081.90,6,4081.80,5,4084.70,3,4084.80,2,4085.60,2,4085.70,2,4085.90,3,4086.90,2,4087.00,2,4087.10,1,4087.20,1,4087.30,1,Sell,62,19,81,43.00,48.00,1.00,2.80,39.3,4082.90,4085.60,4082.80,4084.00,30,44,74,-14.00,2.00,-25.00,0.80,75.0,0,0,0.7857,0.1163,19.00,-26.00,4082.32,0.1561,UP,110.50,0.6697,1.2585
20260721 220000 959,4084.00,1,4083.70,4084.30,0.60,4083.50,4,4083.40,2,4083.20,6,4083.10,2,4083.00,2,4082.20,2,4082.10,22,4082.00,10,4081.90,6,4081.80,5,4085.30,2,4085.40,2,4085.80,1,4085.90,3,4086.60,2,4086.70,2,4086.80,1,4086.90,3,4087.00,12,4087.10,1,Sell,62,20,82,42.00,48.00,1.00,2.80,39.3,4082.90,4085.60,4082.80,4084.00,30,44,74,-14.00,2.00,-25.00,0.80,75.0,0,0,0.7857,0.1429,18.00,-27.00,4082.32,0.1561,UP,110.50,0.6697,1.2585
20260721 220001 088,4084.80,1,4084.70,4085.80,1.10,4084.70,3,4084.00,1,4083.90,3,4083.80,1,4083.60,1,4083.50,2,4083.40,2,4083.20,6,4083.10,2,4083.00,2,4085.80,1,4085.90,3,4086.90,2,4087.00,2,4087.40,2,4087.50,1,4087.60,1,4087.70,2,4087.80,11,4087.90,10,Buy,63,20,83,43.00,48.00,1.00,2.80,67.9,4082.90,4085.60,4082.80,4084.80,30,44,74,-14.00,2.00,-25.00,0.80,75.0,0,0,0.7857,0.1163,19.00,-26.00,4082.39,0.1815,UP,110.50,0.6697,1.2585
20260721 220001 088,4084.90,1,4084.70,4085.80,1.10,4084.70,3,4084.00,1,4083.90,3,4083.80,1,4083.60,1,4083.50,2,4083.40,2,4083.20,6,4083.10,2,4083.00,2,4085.80,1,4085.90,3,4086.90,2,4087.00,2,4087.40,2,4087.50,1,4087.60,1,4087.70,2,4087.80,11,4087.90,10,Buy,64,20,84,44.00,48.00,1.00,2.80,71.4,4082.90,4085.60,4082.80,4084.90,30,44,74,-14.00,2.00,-25.00,0.80,75.0,0,0,0.7857,0.0909,20.00,-25.00,4082.40,0.1847,UP,110.50,0.6697,1.2585
20260721 220001 096,4085.20,1,4084.70,4085.80,1.10,4084.70,3,4084.00,1,4083.90,3,4083.80,1,4083.60,1,4083.50,2,4083.40,2,4083.20,6,4083.10,2,4083.00,2,4085.80,1,4085.90,3,4086.90,2,4087.00,2,4087.40,2,4087.50,1,4087.60,1,4087.70,2,4087.80,11,4087.90,10,Buy,65,20,85,45.00,48.00,1.00,2.80,82.1,4082.90,4085.60,4082.80,4085.20,30,44,74,-14.00,2.00,-25.00,0.80,75.0,0,0,0.7857,0.0667,21.00,-24.00,4082.43,0.1942,UP,110.50,0.6697,1.2585
20260721 220001 096,4085.20,1,4084.70,4085.80,1.10,4084.70,3,4084.00,1,4083.90,3,4083.80,1,4083.60,1,4083.50,2,4083.40,2,4083.20,6,4083.10,2,4083.00,2,4085.80,1,4085.90,3,4086.90,2,4087.00,2,4087.40,2,4087.50,1,4087.60,1,4087.70,2,4087.80,11,4087.90,10,Buy,66,20,86,46.00,48.00,1.00,2.80,82.1,4082.90,4085.60,4082.80,4085.20,30,44,74,-14.00,2.00,-25.00,0.80,75.0,0,0,0.7857,0.0435,22.00,-23.00,4082.43,0.1942,UP,110.50,0.6697,1.2585
20260721 220001 366,4085.00,2,4084.10,4085.00,0.90,4084.40,2,4084.00,1,4083.90,1,4083.80,1,4083.60,5,4083.50,2,4083.40,2,4083.20,6,4083.10,2,4083.00,2,4085.20,3,4085.60,1,4085.80,2,4085.90,3,4086.90,2,4087.00,2,4087.40,3,4087.50,1,4087.60,1,4087.70,11,Sell,66,22,88,44.00,48.00,1.00,2.80,75.0,4082.90,4085.60,4082.80,4085.00,30,44,74,-14.00,2.00,-25.00,0.80,75.0,0,0,0.7857,0.0909,20.00,-25.00,4082.41,0.1879,UP,110.50,0.6697,1.2585
20260721 220001 366,4084.90,1,4084.10,4085.00,0.90,4084.40,2,4084.00,1,4083.90,1,4083.80,1,4083.60,5,4083.50,2,4083.40,2,4083.20,6,4083.10,2,4083.00,2,4085.20,3,4085.60,1,4085.80,2,4085.90,3,4086.90,2,4087.00,2,4087.40,3,4087.50,1,4087.60,1,4087.70,11,Sell,66,23,89,43.00,48.00,1.00,2.80,71.4,4082.90,4085.60,4082.80,4084.90,30,44,74,-14.00,2.00,-25.00,0.80,75.0,0,0,0.7857,0.1163,19.00,-26.00,4082.40,0.1847,UP,110.50,0.6697,1.2585
20260721 220001 366,4084.00,1,4084.10,4085.00,0.90,4084.40,2,4084.00,1,4083.90,1,4083.80,1,4083.60,5,4083.50,2,4083.40,2,4083.20,6,4083.10,2,4083.00,2,4085.20,3,4085.60,1,4085.80,2,4085.90,3,4086.90,2,4087.00,2,4087.40,3,4087.50,1,4087.60,1,4087.70,11,Sell,66,24,90,42.00,48.00,1.00,2.80,39.3,4082.90,4085.60,4082.80,4084.00,30,44,74,-14.00,2.00,-25.00,0.80,75.0,0,0,0.7857,0.1429,18.00,-27.00,4082.32,0.1561,UP,110.50,0.6697,1.2585
20260721 220001 366,4084.00,1,4084.10,4085.00,0.90,4084.40,2,4084.00,1,4083.90,1,4083.80,1,4083.60,5,4083.50,2,4083.40,2,4083.20,6,4083.10,2,4083.00,2,4085.20,3,4085.60,1,4085.80,2,4085.90,3,4086.90,2,4087.00,2,4087.40,3,4087.50,1,4087.60,1,4087.70,11,Sell,66,25,91,41.00,48.00,1.00,2.80,39.3,4082.90,4085.60,4082.80,4084.00,30,44,74,-14.00,2.00,-25.00,0.80,75.0,0,0,0.7857,0.1707,17.00,-28.00,4082.32,0.1561,UP,110.50,0.6697,1.2585
20260721 220001 413,4084.40,1,4084.10,4085.00,0.90,4084.40,2,4084.00,1,4083.90,1,4083.80,1,4083.60,5,4083.50,2,4083.40,2,4083.20,6,4083.10,2,4083.00,2,4085.20,3,4085.60,1,4085.80,2,4085.90,3,4086.90,2,4087.00,2,4087.40,3,4087.50,1,4087.60,1,4087.70,11,Sell,66,26,92,40.00,48.00,1.00,2.80,53.6,4082.90,4085.60,4082.80,4084.40,30,44,74,-14.00,2.00,-25.00,0.80,75.0,0,0,0.7857,0.2000,16.00,-29.00,4082.35,0.1688,UP,110.50,0.6697,1.2585
20260721 220001 415,4084.40,1,4084.10,4085.00,0.90,4084.40,2,4084.00,1,4083.90,1,4083.80,1,4083.60,5,4083.50,2,4083.40,2,4083.20,6,4083.10,2,4083.00,2,4085.20,3,4085.60,1,4085.80,2,4085.90,3,4086.90,2,4087.00,2,4087.40,3,4087.50,1,4087.60,1,4087.70,11,Sell,66,27,93,39.00,48.00,1.00,2.80,53.6,4082.90,4085.60,4082.80,4084.40,30,44,74,-14.00,2.00,-25.00,0.80,75.0,0,0,0.7857,0.2308,15.00,-30.00,4082.35,0.1688,UP,110.50,0.6697,1.2585
20260721 220001 415,4084.10,1,4084.10,4085.00,0.90,4084.40,2,4084.00,1,4083.90,1,4083.80,1,4083.60,5,4083.50,2,4083.40,2,4083.20,6,4083.10,2,4083.00,2,4085.20,3,4085.60,1,4085.80,2,4085.90,3,4086.90,2,4087.00,2,4087.40,3,4087.50,1,4087.60,1,4087.70,11,Sell,66,28,94,38.00,48.00,1.00,2.80,42.9,4082.90,4085.60,4082.80,4084.10,30,44,74,-14.00,2.00,-25.00,0.80,75.0,0,0,0.7857,0.2632,14.00,-31.00,4082.33,0.1593,UP,110.50,0.6697,1.2585
20260721 220001 476,4084.70,2,4083.20,4083.80,0.60,4083.30,6,4083.20,4,4083.10,1,4083.00,2,4082.90,1,4082.80,1,4082.70,1,4082.60,1,4082.40,1,4082.20,2,4084.70,2,4085.20,1,4085.80,3,4085.90,3,4086.90,2,4087.00,2,4087.30,1,4087.40,3,4087.50,1,4087.60,10,Buy,68,28,96,40.00,48.00,1.00,2.80,64.3,4082.90,4085.60,4082.80,4084.70,30,44,74,-14.00,2.00,-25.00,0.80,75.0,0,0,0.7857,0.2000,16.00,-29.00,4082.38,0.1783,UP,110.50,0.6697,1.2585
20260721 220001 481,4083.40,2,4083.20,4083.80,0.60,4083.30,6,4083.20,4,4083.10,1,4083.00,2,4082.90,1,4082.80,1,4082.70,1,4082.60,1,4082.40,1,4082.20,2,4084.70,2,4085.20,1,4085.80,3,4085.90,3,4086.90,2,4087.00,2,4087.30,1,4087.40,3,4087.50,1,4087.60,10,Sell,68,30,98,38.00,48.00,1.00,2.80,17.9,4082.90,4085.60,4082.80,4083.40,30,44,74,-14.00,2.00,-25.00,0.80,75.0,0,0,0.7857,0.2632,14.00,-31.00,4082.26,0.1371,UP,110.50,0.6697,1.2585
20260721 220001 490,4083.80,2,4083.20,4083.80,0.60,4083.10,1,4083.00,4,4082.40,1,4082.20,4,4082.10,5,4081.90,6,4081.80,5,4081.70,5,4081.60,8,4081.50,5,4083.40,1,4083.50,1,4083.60,2,4083.70,1,4084.10,2,4085.20,3,4085.50,1,4085.70,1,4085.90,4,4086.10,1,Buy,70,30,100,40.00,48.00,1.00,2.80,32.1,4082.90,4085.60,4082.80,4083.80,30,44,74,-14.00,2.00,-25.00,0.80,75.0,0,0,0.7857,0.2000,16.00,-29.00,4082.30,0.1498,UP,110.50,0.6697,1.2585
20260721 220001 501,4083.20,1,4082.80,4083.10,0.30,4082.80,2,4082.70,3,4082.30,3,4082.20,2,4081.90,1,4081.60,3,4081.30,1,4081.20,7,4081.10,5,4081.00,7,4083.10,6,4083.20,1,4084.80,2,4084.90,1,4085.20,1,4085.50,1,4085.70,1,4085.90,2,4086.00,10,4086.10,1,Sell,70,31,101,39.00,48.00,1.00,2.80,10.7,4082.90,4085.60,4082.80,4083.20,30,44,74,-14.00,2.00,-25.00,0.80,75.0,0,0,0.7857,0.2308,15.00,-30.00,4082.24,0.1307,UP,110.50,0.6697,1.2585
20260721 220001 501,4083.20,1,4082.80,4083.10,0.30,4082.80,2,4082.70,3,4082.30,3,4082.20,2,4081.90,1,4081.60,3,4081.30,1,4081.20,7,4081.10,5,4081.00,7,4083.10,6,4083.20,1,4084.80,2,4084.90,1,4085.20,1,4085.50,1,4085.70,1,4085.90,2,4086.00,10,4086.10,1,Sell,70,32,102,38.00,48.00,1.00,2.80,10.7,4082.90,4085.60,4082.80,4083.20,30,44,74,-14.00,2.00,-25.00,0.80,75.0,0,0,0.7857,0.2632,14.00,-31.00,4082.24,0.1307,UP,110.50,0.6697,1.2585
20260721 220001 501,4083.70,1,4082.80,4083.10,0.30,4082.80,2,4082.70,3,4082.30,3,4082.20,2,4081.90,1,4081.60,3,4081.30,1,4081.20,7,4081.10,5,4081.00,7,4083.10,6,4083.20,1,4084.80,2,4084.90,1,4085.20,1,4085.50,1,4085.70,1,4085.90,2,4086.00,10,4086.10,1,Buy,71,32,103,39.00,48.00,1.00,2.80,28.6,4082.90,4085.60,4082.80,4083.70,30,44,74,-14.00,2.00,-25.00,0.80,75.0,0,0,0.7857,0.2308,15.00,-30.00,4082.29,0.1466,UP,110.50,0.6697,1.2585
20260721 220001 505,4083.50,1,4082.80,4083.10,0.30,4082.80,2,4082.70,3,4082.30,3,4082.20,2,4081.90,1,4081.60,3,4081.30,1,4081.20,7,4081.10,5,4081.00,7,4083.10,6,4083.20,1,4084.80,2,4084.90,1,4085.20,1,4085.50,1,4085.70,1,4085.90,2,4086.00,10,4086.10,1,Buy,72,32,104,40.00,48.00,1.00,2.80,21.4,4082.90,4085.60,4082.80,4083.50,30,44,74,-14.00,2.00,-25.00,0.80,75.0,0,0,0.7857,0.2000,16.00,-29.00,4082.27,0.1403,UP,110.50,0.6697,1.2585
20260721 220001 512,4083.40,1,4082.80,4083.10,0.30,4082.80,2,4082.70,3,4082.30,3,4082.20,2,4081.90,1,4081.60,3,4081.30,1,4081.20,7,4081.10,5,4081.00,7,4083.10,6,4083.20,1,4084.80,2,4084.90,1,4085.20,1,4085.50,1,4085.70,1,4085.90,2,4086.00,10,4086.10,1,Buy,73,32,105,41.00,48.00,1.00,2.80,17.9,4082.90,4085.60,4082.80,4083.40,30,44,74,-14.00,2.00,-25.00,0.80,75.0,0,0,0.7857,0.1707,17.00,-28.00,4082.26,0.1371,UP,110.50,0.6697,1.2585
20260721 220001 522,4083.10,1,4082.80,4083.10,0.30,4082.80,2,4082.70,3,4082.30,3,4082.20,2,4081.90,1,4081.60,3,4081.30,1,4081.20,7,4081.10,5,4081.00,7,4083.10,6,4083.20,1,4084.80,2,4084.90,1,4085.20,1,4085.50,1,4085.70,1,4085.90,2,4086.00,10,4086.10,1,Sell,73,33,106,40.00,48.00,1.00,2.80,7.1,4082.90,4085.60,4082.80,4083.10,30,44,74,-14.00,2.00,-25.00,0.80,75.0,0,0,0.7857,0.2000,16.00,-29.00,4082.23,0.1276,UP,110.50,0.6697,1.2585
20260721 220001 522,4083.10,1,4082.80,4083.10,0.30,4082.80,2,4082.70,3,4082.30,3,4082.20,2,4081.90,1,4081.60,3,4081.30,1,4081.20,7,4081.10,5,4081.00,7,4083.10,6,4083.20,1,4084.80,2,4084.90,1,4085.20,1,4085.50,1,4085.70,1,4085.90,2,4086.00,10,4086.10,1,Sell,73,34,107,39.00,48.00,1.00,2.80,7.1,4082.90,4085.60,4082.80,4083.10,30,44,74,-14.00,2.00,-25.00,0.80,75.0,0,0,0.7857,0.2308,15.00,-30.00,4082.23,0.1276,UP,110.50,0.6697,1.2585
20260721 220001 523,4083.00,1,4082.80,4083.10,0.30,4082.80,2,4082.70,3,4082.30,3,4082.20,2,4081.90,1,4081.60,3,4081.30,1,4081.20,7,4081.10,5,4081.00,7,4083.10,6,4083.20,1,4084.80,2,4084.90,1,4085.20,1,4085.50,1,4085.70,1,4085.90,2,4086.00,10,4086.10,1,Sell,73,35,108,38.00,48.00,1.00,2.80,3.6,4082.90,4085.60,4082.80,4083.00,30,44,74,-14.00,2.00,-25.00,0.80,75.0,0,0,0.7857,0.2632,14.00,-31.00,4082.22,0.1244,UP,110.50,0.6697,1.2585
20260721 220001 523,4083.00,1,4082.80,4083.10,0.30,4082.80,2,4082.70,3,4082.30,3,4082.20,2,4081.90,1,4081.60,3,4081.30,1,4081.20,7,4081.10,5,4081.00,7,4083.10,6,4083.20,1,4084.80,2,4084.90,1,4085.20,1,4085.50,1,4085.70,1,4085.90,2,4086.00,10,4086.10,1,Sell,73,36,109,37.00,48.00,1.00,2.80,3.6,4082.90,4085.60,4082.80,4083.00,30,44,74,-14.00,2.00,-25.00,0.80,75.0,0,0,0.7857,0.2973,13.00,-32.00,4082.22,0.1244,UP,110.50,0.6697,1.2585
20260721 220001 523,4083.00,1,4082.80,4083.10,0.30,4082.80,2,4082.70,3,4082.30,3,4082.20,2,4081.90,1,4081.60,3,4081.30,1,4081.20,7,4081.10,5,4081.00,7,4083.10,6,4083.20,1,4084.80,2,4084.90,1,4085.20,1,4085.50,1,4085.70,1,4085.90,2,4086.00,10,4086.10,1,Sell,73,37,110,36.00,48.00,1.00,2.80,3.6,4082.90,4085.60,4082.80,4083.00,30,44,74,-14.00,2.00,-25.00,0.80,75.0,0,0,0.7857,0.3333,12.00,-33.00,4082.22,0.1244,UP,110.50,0.6697,1.2585
20260721 220001 523,4083.00,1,4082.80,4083.10,0.30,4082.80,2,4082.70,3,4082.30,3,4082.20,2,4081.90,1,4081.60,3,4081.30,1,4081.20,7,4081.10,5,4081.00,7,4083.10,6,4083.20,1,4084.80,2,4084.90,1,4085.20,1,4085.50,1,4085.70,1,4085.90,2,4086.00,10,4086.10,1,Sell,73,38,111,35.00,48.00,1.00,2.80,3.6,4082.90,4085.60,4082.80,4083.00,30,44,74,-14.00,2.00,-25.00,0.80,75.0,0,0,0.7857,0.3714,11.00,-34.00,4082.22,0.1244,UP,110.50,0.6697,1.2585
20260721 220001 524,4082.90,2,4082.80,4083.10,0.30,4082.80,2,4082.70,3,4082.30,3,4082.20,2,4081.90,1,4081.60,3,4081.30,1,4081.20,7,4081.10,5,4081.00,7,4083.10,6,4083.20,1,4084.80,2,4084.90,1,4085.20,1,4085.50,1,4085.70,1,4085.90,2,4086.00,10,4086.10,1,Buy,75,38,113,37.00,48.00,1.00,2.80,0.0,4082.90,4085.60,4082.80,4082.90,30,44,74,-14.00,2.00,-25.00,0.80,75.0,0,0,0.7857,0.2973,13.00,-32.00,4082.21,0.1212,UP,110.50,0.6697,1.2585
20260721 220001 525,4082.90,1,4082.80,4083.10,0.30,4082.80,2,4082.70,3,4082.30,3,4082.20,2,4081.90,1,4081.60,3,4081.30,1,4081.20,7,4081.10,5,4081.00,7,4083.10,6,4083.20,1,4084.80,2,4084.90,1,4085.20,1,4085.50,1,4085.70,1,4085.90,2,4086.00,10,4086.10,1,Buy,76,38,114,38.00,48.00,1.00,2.80,0.0,4082.90,4085.60,4082.80,4082.90,30,44,74,-14.00,2.00,-25.00,0.80,75.0,0,0,0.7857,0.2632,14.00,-31.00,4082.21,0.1212,UP,110.50,0.6697,1.2585
20260721 220001 525,4082.90,1,4082.80,4083.10,0.30,4082.80,2,4082.70,3,4082.30,3,4082.20,2,4081.90,1,4081.60,3,4081.30,1,4081.20,7,4081.10,5,4081.00,7,4083.10,6,4083.20,1,4084.80,2,4084.90,1,4085.20,1,4085.50,1,4085.70,1,4085.90,2,4086.00,10,4086.10,1,Buy,77,38,115,39.00,48.00,1.00,2.80,0.0,4082.90,4085.60,4082.80,4082.90,30,44,74,-14.00,2.00,-25.00,0.80,75.0,0,0,0.7857,0.2308,15.00,-30.00,4082.21,0.1212,UP,110.50,0.6697,1.2585
20260721 220001 525,4083.00,1,4082.80,4083.10,0.30,4082.80,2,4082.70,3,4082.30,3,4082.20,2,4081.90,1,4081.60,3,4081.30,1,4081.20,7,4081.10,5,4081.00,7,4083.10,6,4083.20,1,4084.80,2,4084.90,1,4085.20,1,4085.50,1,4085.70,1,4085.90,2,4086.00,10,4086.10,1,Buy,78,38,116,40.00,48.00,1.00,2.80,3.6,4082.90,4085.60,4082.80,4083.00,30,44,74,-14.00,2.00,-25.00,0.80,75.0,0,0,0.7857,0.2000,16.00,-29.00,4082.22,0.1244,UP,110.50,0.6697,1.2585
20260721 220001 526,4083.20,1,4082.80,4083.10,0.30,4082.80,2,4082.70,3,4082.30,3,4082.20,2,4081.90,1,4081.60,3,4081.30,1,4081.20,7,4081.10,5,4081.00,7,4083.10,6,4083.20,1,4084.80,2,4084.90,1,4085.20,1,4085.50,1,4085.70,1,4085.90,2,4086.00,10,4086.10,1,Buy,79,38,117,41.00,48.00,1.00,2.80,10.7,4082.90,4085.60,4082.80,4083.20,30,44,74,-14.00,2.00,-25.00,0.80,75.0,0,0,0.7857,0.1707,17.00,-28.00,4082.24,0.1307,UP,110.50,0.6697,1.2585
20260721 220001 526,4083.20,1,4082.80,4083.10,0.30,4082.80,2,4082.70,3,4082.30,3,4082.20,2,4081.90,1,4081.60,3,4081.30,1,4081.20,7,4081.10,5,4081.00,7,4083.10,6,4083.20,1,4084.80,2,4084.90,1,4085.20,1,4085.50,1,4085.70,1,4085.90,2,4086.00,10,4086.10,1,Buy,80,38,118,42.00,48.00,1.00,2.80,10.7,4082.90,4085.60,4082.80,4083.20,30,44,74,-14.00,2.00,-25.00,0.80,75.0,0,0,0.7857,0.1429,18.00,-27.00,4082.24,0.1307,UP,110.50,0.6697,1.2585
20260721 220001 531,4084.30,1,4082.80,4083.10,0.30,4082.80,2,4082.70,3,4082.30,3,4082.20,2,4081.90,1,4081.60,3,4081.30,1,4081.20,7,4081.10,5,4081.00,7,4083.10,6,4083.20,1,4084.80,2,4084.90,1,4085.20,1,4085.50,1,4085.70,1,4085.90,2,4086.00,10,4086.10,1,Buy,81,38,119,43.00,48.00,1.00,2.80,50.0,4082.90,4085.60,4082.80,4084.30,30,44,74,-14.00,2.00,-25.00,0.80,75.0,0,0,0.7857,0.1163,19.00,-26.00,4082.34,0.1657,UP,110.50,0.6697,1.2585
20260721 220001 540,4084.40,1,4082.80,4083.10,0.30,4082.80,2,4082.70,3,4082.30,3,4082.20,2,4081.90,1,4081.60,3,4081.30,1,4081.20,7,4081.10,5,4081.00,7,4083.10,6,4083.20,1,4084.80,2,4084.90,1,4085.20,1,4085.50,1,4085.70,1,4085.90,2,4086.00,10,4086.10,1,Buy,82,38,120,44.00,48.00,1.00,2.80,53.6,4082.90,4085.60,4082.80,4084.40,30,44,74,-14.00,2.00,-25.00,0.80,75.0,0,0,0.7857,0.0909,20.00,-25.00,4082.35,0.1688,UP,110.50,0.6697,1.2585
20260721 220001 540,4084.50,1,4082.80,4083.10,0.30,4082.80,2,4082.70,3,4082.30,3,4082.20,2,4081.90,1,4081.60,3,4081.30,1,4081.20,7,4081.10,5,4081.00,7,4083.10,6,4083.20,1,4084.80,2,4084.90,1,4085.20,1,4085.50,1,4085.70,1,4085.90,2,4086.00,10,4086.10,1,Buy,83,38,121,45.00,48.00,1.00,2.80,57.1,4082.90,4085.60,4082.80,4084.50,30,44,74,-14.00,2.00,-25.00,0.80,75.0,0,0,0.7857,0.0667,21.00,-24.00,4082.36,0.1720,UP,110.50,0.6697,1.2585
20260721 220001 540,4084.60,1,4082.80,4083.10,0.30,4082.80,2,4082.70,3,4082.30,3,4082.20,2,4081.90,1,4081.60,3,4081.30,1,4081.20,7,4081.10,5,4081.00,7,4083.10,6,4083.20,1,4084.80,2,4084.90,1,4085.20,1,4085.50,1,4085.70,1,4085.90,2,4086.00,10,4086.10,1,Buy,84,38,122,46.00,48.00,1.00,2.80,60.7,4082.90,4085.60,4082.80,4084.60,30,44,74,-14.00,2.00,-25.00,0.80,75.0,0,0,0.7857,0.0435,22.00,-23.00,4082.37,0.1752,UP,110.50,0.6697,1.2585
20260721 220001 540,4084.80,1,4082.80,4083.10,0.30,4082.80,2,4082.70,3,4082.30,3,4082.20,2,4081.90,1,4081.60,3,4081.30,1,4081.20,7,4081.10,5,4081.00,7,4083.10,6,4083.20,1,4084.80,2,4084.90,1,4085.20,1,4085.50,1,4085.70,1,4085.90,2,4086.00,10,4086.10,1,Buy,85,38,123,47.00,48.00,1.00,2.80,67.9,4082.90,4085.60,4082.80,4084.80,30,44,74,-14.00,2.00,-25.00,0.80,75.0,0,0,0.7857,0.0213,23.00,-22.00,4082.39,0.1815,UP,110.50,0.6697,1.2585
20260721 220001 626,4083.10,6,4082.90,4084.70,1.80,4082.90,5,4082.80,2,4082.70,3,4082.20,2,4081.90,1,4081.60,3,4081.30,1,4081.20,7,4081.10,5,4081.00,7,4084.70,1,4084.80,3,4084.90,1,4085.20,1,4085.40,1,4085.50,1,4085.70,1,4085.90,2,4086.00,10,4086.10,1,Buy,91,38,129,53.00,53.00,1.00,2.80,7.1,4082.90,4085.60,4082.80,4083.10,30,44,74,-14.00,2.00,-25.00,0.80,75.0,0,0,0.7857,0.0000,29.00,-16.00,4082.23,0.1276,UP,110.50,0.6697,1.2585
20260721 220001 626,4083.20,1,4082.90,4084.70,1.80,4082.90,5,4082.80,2,4082.70,3,4082.20,2,4081.90,1,4081.60,3,4081.30,1,4081.20,7,4081.10,5,4081.00,7,4084.70,1,4084.80,3,4084.90,1,4085.20,1,4085.40,1,4085.50,1,4085.70,1,4085.90,2,4086.00,10,4086.10,1,Buy,92,38,130,54.00,54.00,1.00,2.80,10.7,4082.90,4085.60,4082.80,4083.20,30,44,74,-14.00,2.00,-25.00,0.80,75.0,0,0,0.7857,0.0000,30.00,-15.00,4082.24,0.1307,UP,110.50,0.6697,1.2585
20260721 220001 626,4084.80,4,4082.90,4084.70,1.80,4082.90,5,4082.80,2,4082.70,3,4082.20,2,4081.90,1,4081.60,3,4081.30,1,4081.20,7,4081.10,5,4081.00,7,4084.70,1,4084.80,3,4084.90,1,4085.20,1,4085.40,1,4085.50,1,4085.70,1,4085.90,2,4086.00,10,4086.10,1,Buy,96,38,134,58.00,58.00,1.00,2.80,67.9,4082.90,4085.60,4082.80,4084.80,30,44,74,-14.00,2.00,-25.00,0.80,75.0,0,0,0.7857,0.0000,34.00,-11.00,4082.39,0.1815,UP,110.50,0.6697,1.2585
20260721 220002 298,4084.40,1,4083.40,4084.50,1.10,4083.40,1,4083.30,2,4083.20,1,4082.80,1,4082.30,3,4082.20,2,4081.90,1,4081.60,3,4081.30,1,4081.20,7,4084.50,2,4084.60,1,4084.70,1,4084.80,2,4084.90,1,4085.20,1,4085.50,1,4085.70,1,4085.90,2,4086.00,10,Buy,97,38,135,59.00,59.00,1.00,2.80,53.6,4082.90,4085.60,4082.80,4084.40,30,44,74,-14.00,2.00,-25.00,0.80,75.0,0,0,0.7857,0.0000,35.00,-10.00,4082.35,0.1688,UP,110.50,0.6697,1.2585
20260721 220002 372,4082.50,1,4083.30,4084.40,1.10,4083.30,2,4083.20,1,4082.20,1,4081.90,1,4081.70,5,4081.60,3,4081.30,1,4081.20,11,4081.10,5,4081.00,7,4084.40,3,4084.50,1,4084.60,1,4084.70,1,4085.20,1,4085.60,2,4086.30,1,4086.40,1,4086.50,1,4086.60,2,Buy,98,38,136,60.00,60.00,1.00,3.10,12.9,4082.90,4085.60,4082.50,4082.50,30,44,74,-14.00,2.00,-25.00,0.80,75.0,0,0,0.7857,0.0000,36.00,-9.00,4082.17,0.1085,UP,110.50,0.6697,1.2585
20260721 220002 374,4082.30,2,4083.30,4084.40,1.10,4083.30,2,4083.20,1,4082.20,1,4081.90,1,4081.70,5,4081.60,3,4081.30,1,4081.20,11,4081.10,5,4081.00,7,4084.40,3,4084.50,1,4084.60,1,4084.70,1,4085.20,1,4085.60,2,4086.30,1,4086.40,1,4086.50,1,4086.60,2,Buy,100,38,138,62.00,62.00,1.00,3.30,18.2,4082.90,4085.60,4082.30,4082.30,30,44,74,-14.00,2.00,-25.00,0.80,75.0,0,0,0.7857,0.0000,38.00,-7.00,4082.15,0.1022,UP,110.50,0.6697,1.2585
20260721 220002 460,4084.60,1,4082.90,4084.90,2.00,4082.90,2,4082.70,4,4082.20,1,4081.90,1,4081.70,2,4081.60,3,4081.40,1,4081.30,1,4081.20,7,4081.10,5,4084.90,1,4085.00,2,4085.30,1,4085.90,2,4086.00,1,4086.20,1,4086.30,1,4086.40,3,4086.50,5,4086.70,5,Buy,101,38,139,63.00,63.00,1.00,3.30,51.5,4082.90,4085.60,4082.30,4084.60,30,44,74,-14.00,2.00,-25.00,0.80,75.0,0,0,0.7857,0.0000,39.00,-6.00,4082.37,0.1752,UP,110.50,0.6697,1.2585
20260721 220002 460,4085.20,1,4082.90,4084.90,2.00,4082.90,2,4082.70,4,4082.20,1,4081.90,1,4081.70,2,4081.60,3,4081.40,1,4081.30,1,4081.20,7,4081.10,5,4084.90,1,4085.00,2,4085.30,1,4085.90,2,4086.00,1,4086.20,1,4086.30,1,4086.40,3,4086.50,5,4086.70,5,Buy,102,38,140,64.00,64.00,1.00,3.30,69.7,4082.90,4085.60,4082.30,4085.20,30,44,74,-14.00,2.00,-25.00,0.80,75.0,0,0,0.7857,0.0000,40.00,-5.00,4082.43,0.1942,UP,110.50,0.6697,1.2585
20260721 220002 460,4086.20,2,4082.90,4084.90,2.00,4082.90,2,4082.70,4,4082.20,1,4081.90,1,4081.70,2,4081.60,3,4081.40,1,4081.30,1,4081.20,7,4081.10,5,4084.90,1,4085.00,2,4085.30,1,4085.90,2,4086.00,1,4086.20,1,4086.30,1,4086.40,3,4086.50,5,4086.70,5,Buy,104,38,142,66.00,66.00,1.00,3.90,84.6,4082.90,4086.20,4082.30,4086.20,30,44,74,-14.00,2.00,-25.00,0.80,75.0,0,0,0.7857,0.0000,42.00,-3.00,4082.53,0.2260,UP,110.50,0.6697,1.3014
20260721 220002 465,4084.70,2,4082.90,4084.90,2.00,4082.90,2,4082.70,4,4082.20,1,4081.90,1,4081.70,2,4081.60,3,4081.40,1,4081.30,1,4081.20,7,4081.10,5,4084.90,1,4085.00,2,4085.30,1,4085.90,2,4086.00,1,4086.20,1,4086.30,1,4086.40,3,4086.50,5,4086.70,5,Sell,104,40,144,64.00,66.00,1.00,3.90,46.2,4082.90,4086.20,4082.30,4084.70,30,44,74,-14.00,2.00,-25.00,0.80,75.0,0,0,0.7857,0.0313,40.00,-5.00,4082.38,0.1783,UP,110.50,0.6697,1.3014
20260721 220003 336,4084.80,1,4083.50,4084.80,1.30,4083.70,1,4083.60,2,4083.40,1,4083.30,3,4083.20,2,4082.20,1,4081.90,1,4081.70,2,4081.60,3,4081.50,1,4084.80,1,4084.90,1,4085.00,3,4085.10,1,4085.20,1,4085.60,2,4086.00,1,4086.30,1,4086.70,5,4086.80,5,Buy,105,40,145,65.00,66.00,1.00,3.90,48.7,4082.90,4086.20,4082.30,4084.80,30,44,74,-14.00,2.00,-25.00,0.80,75.0,0,0,0.7857,0.0154,41.00,-4.00,4082.39,0.1815,UP,110.50,0.6697,1.3014
20260721 220003 474,4083.70,1,4083.20,4083.70,0.50,4083.20,1,4083.10,2,4083.00,1,4082.80,2,4082.50,2,4082.40,2,4082.20,1,4081.90,1,4081.70,2,4081.60,3,4083.70,2,4084.00,1,4084.10,2,4084.70,2,4084.90,2,4085.00,3,4085.10,1,4085.20,1,4085.30,1,4085.40,2,Sell,105,41,146,64.00,66.00,1.00,3.90,20.5,4082.90,4086.20,4082.30,4083.70,30,44,74,-14.00,2.00,-25.00,0.80,75.0,0,0,0.7857,0.0313,40.00,-5.00,4082.29,0.1466,UP,110.50,0.6697,1.3014
20260721 220003 478,4083.70,1,4083.20,4083.70,0.50,4083.20,1,4083.10,2,4083.00,1,4082.80,2,4082.50,2,4082.40,2,4082.20,1,4081.90,1,4081.70,2,4081.60,3,4083.70,2,4084.00,1,4084.10,2,4084.70,2,4084.90,2,4085.00,3,4085.10,1,4085.20,1,4085.30,1,4085.40,2,Sell,105,42,147,63.00,66.00,1.00,3.90,20.5,4082.90,4086.20,4082.30,4083.70,30,44,74,-14.00,2.00,-25.00,0.80,75.0,0,0,0.7857,0.0476,39.00,-6.00,4082.29,0.1466,UP,110.50,0.6697,1.3014
20260721 220003 484,4083.70,1,4083.20,4083.70,0.50,4083.20,1,4083.10,2,4083.00,1,4082.80,2,4082.50,2,4082.40,2,4082.20,1,4081.90,1,4081.70,2,4081.60,3,4083.70,2,4084.00,1,4084.10,2,4084.70,2,4084.90,2,4085.00,3,4085.10,1,4085.20,1,4085.30,1,4085.40,2,Buy,106,42,148,64.00,66.00,1.00,3.90,20.5,4082.90,4086.20,4082.30,4083.70,30,44,74,-14.00,2.00,-25.00,0.80,75.0,0,0,0.7857,0.0313,40.00,-5.00,4082.29,0.1466,UP,110.50,0.6697,1.3014
20260721 220003 485,4083.70,1,4083.20,4083.70,0.50,4083.20,1,4083.10,2,4083.00,1,4082.80,2,4082.50,2,4082.40,2,4082.20,1,4081.90,1,4081.70,2,4081.60,3,4083.70,2,4084.00,1,4084.10,2,4084.70,2,4084.90,2,4085.00,3,4085.10,1,4085.20,1,4085.30,1,4085.40,2,Buy,107,42,149,65.00,66.00,1.00,3.90,20.5,4082.90,4086.20,4082.30,4083.70,30,44,74,-14.00,2.00,-25.00,0.80,75.0,0,0,0.7857,0.0154,41.00,-4.00,4082.29,0.1466,UP,110.50,0.6697,1.3014
20260721 220004 083,4083.80,1,4083.00,4083.60,0.60,4083.00,1,4082.90,2,4082.80,1,4082.60,3,4082.50,2,4082.40,2,4082.20,2,4081.90,2,4081.70,2,4081.60,3,4083.60,1,4083.70,2,4083.80,2,4084.00,2,4084.40,3,4084.70,3,4084.80,4,4084.90,2,4085.00,3,4085.10,1,Buy,108,42,150,66.00,66.00,1.00,3.90,23.1,4082.90,4086.20,4082.30,4083.80,30,44,74,-14.00,2.00,-25.00,0.80,75.0,0,0,0.7857,0.0000,42.00,-3.00,4082.30,0.1498,UP,110.50,0.6697,1.3014
20260721 220004 670,4083.00,1,4082.80,4083.50,0.70,4082.80,1,4082.70,2,4082.60,3,4082.50,2,4082.40,2,4082.20,2,4081.90,2,4081.70,2,4081.60,3,4081.50,1,4083.50,3,4083.60,3,4084.00,2,4084.40,5,4084.50,2,4084.60,2,4084.70,3,4084.80,2,4084.90,2,4085.00,3,Sell,108,43,151,65.00,66.00,1.00,3.90,2.6,4082.90,4086.20,4082.30,4083.00,30,44,74,-14.00,2.00,-25.00,0.80,75.0,0,0,0.7857,0.0154,41.00,-4.00,4082.22,0.1244,UP,110.50,0.6697,1.3014
20260721 220004 724,4083.50,1,4083.00,4083.70,0.70,4083.00,1,4082.90,2,4082.80,2,4082.60,3,4082.50,2,4082.40,2,4082.20,2,4081.90,2,4081.70,2,4081.60,4,4083.70,3,4083.80,3,4084.30,2,4084.40,6,4084.50,2,4084.60,2,4084.70,3,4084.80,2,4084.90,2,4085.00,3,Buy,109,43,152,66.00,66.00,1.00,3.90,15.4,4082.90,4086.20,4082.30,4083.50,30,44,74,-14.00,2.00,-25.00,0.80,75.0,0,0,0.7857,0.0000,42.00,-3.00,4082.27,0.1403,UP,110.50,0.6697,1.3014
20260721 220004 724,4083.50,1,4083.00,4083.70,0.70,4083.00,1,4082.90,2,4082.80,2,4082.60,3,4082.50,2,4082.40,2,4082.20,2,4081.90,2,4081.70,2,4081.60,4,4083.70,3,4083.80,3,4084.30,2,4084.40,6,4084.50,2,4084.60,2,4084.70,3,4084.80,2,4084.90,2,4085.00,3,Buy,110,43,153,67.00,67.00,1.00,3.90,15.4,4082.90,4086.20,4082.30,4083.50,30,44,74,-14.00,2.00,-25.00,0.80,75.0,0,0,0.7857,0.0000,43.00,-2.00,4082.27,0.1403,UP,110.50,0.6697,1.3014
20260721 220005 009,4083.70,1,4083.60,4084.50,0.90,4083.60,1,4083.50,2,4083.30,3,4083.20,2,4082.20,7,4082.10,2,4082.00,5,4081.90,7,4081.80,5,4081.70,7,4084.50,5,4085.00,2,4085.20,2,4086.00,2,4086.10,1,4086.30,1,4086.50,1,4086.60,1,4086.70,2,4086.80,4,Buy,111,43,154,68.00,68.00,1.00,3.90,20.5,4082.90,4086.20,4082.30,4083.70,30,44,74,-14.00,2.00,-25.00,0.80,75.0,0,0,0.7857,0.0000,44.00,-1.00,4082.29,0.1466,UP,110.50,0.6697,1.3014
20260721 220005 009,4083.70,1,4083.60,4084.50,0.90,4083.60,1,4083.50,2,4083.30,3,4083.20,2,4082.20,7,4082.10,2,4082.00,5,4081.90,7,4081.80,5,4081.70,7,4084.50,5,4085.00,2,4085.20,2,4086.00,2,4086.10,1,4086.30,1,4086.50,1,4086.60,1,4086.70,2,4086.80,4,Buy,112,43,155,69.00,69.00,1.00,3.90,20.5,4082.90,4086.20,4082.30,4083.70,30,44,74,-14.00,2.00,-25.00,0.80,75.0,0,0,0.7857,0.0000,45.00,0.00,4082.29,0.1466,UP,110.50,0.6697,1.3014
20260721 220005 009,4083.70,1,4083.60,4084.50,0.90,4083.60,1,4083.50,2,4083.30,3,4083.20,2,4082.20,7,4082.10,2,4082.00,5,4081.90,7,4081.80,5,4081.70,7,4084.50,5,4085.00,2,4085.20,2,4086.00,2,4086.10,1,4086.30,1,4086.50,1,4086.60,1,4086.70,2,4086.80,4,Buy,113,43,156,70.00,70.00,1.00,3.90,20.5,4082.90,4086.20,4082.30,4083.70,30,44,74,-14.00,2.00,-25.00,0.80,75.0,0,0,0.7857,0.0000,46.00,1.00,4082.29,0.1466,UP,110.50,0.6697,1.3014
20260721 220005 009,4083.80,1,4083.60,4084.50,0.90,4083.60,1,4083.50,2,4083.30,3,4083.20,2,4082.20,7,4082.10,2,4082.00,5,4081.90,7,4081.80,5,4081.70,7,4084.50,5,4085.00,2,4085.20,2,4086.00,2,4086.10,1,4086.30,1,4086.50,1,4086.60,1,4086.70,2,4086.80,4,Buy,114,43,157,71.00,71.00,1.00,3.90,23.1,4082.90,4086.20,4082.30,4083.80,30,44,74,-14.00,2.00,-25.00,0.80,75.0,0,0,0.7857,0.0000,47.00,2.00,4082.30,0.1498,UP,110.50,0.6697,1.3014
20260721 220005 009,4083.80,1,4083.60,4084.50,0.90,4083.60,1,4083.50,2,4083.30,3,4083.20,2,4082.20,7,4082.10,2,4082.00,5,4081.90,7,4081.80,5,4081.70,7,4084.50,5,4085.00,2,4085.20,2,4086.00,2,4086.10,1,4086.30,1,4086.50,1,4086.60,1,4086.70,2,4086.80,4,Buy,115,43,158,72.00,72.00,1.00,3.90,23.1,4082.90,4086.20,4082.30,4083.80,30,44,74,-14.00,2.00,-25.00,0.80,75.0,0,0,0.7857,0.0000,48.00,3.00,4082.30,0.1498,UP,110.50,0.6697,1.3014
20260721 220005 009,4083.80,1,4083.60,4084.50,0.90,4083.60,1,4083.50,2,4083.30,3,4083.20,2,4082.20,7,4082.10,2,4082.00,5,4081.90,7,4081.80,5,4081.70,7,4084.50,5,4085.00,2,4085.20,2,4086.00,2,4086.10,1,4086.30,1,4086.50,1,4086.60,1,4086.70,2,4086.80,4,Buy,116,43,159,73.00,73.00,1.00,3.90,23.1,4082.90,4086.20,4082.30,4083.80,30,44,74,-14.00,2.00,-25.00,0.80,75.0,0,0,0.7857,0.0000,49.00,4.00,4082.30,0.1498,UP,110.50,0.6697,1.3014
20260721 220005 009,4084.30,1,4083.60,4084.50,0.90,4083.60,1,4083.50,2,4083.30,3,4083.20,2,4082.20,7,4082.10,2,4082.00,5,4081.90,7,4081.80,5,4081.70,7,4084.50,5,4085.00,2,4085.20,2,4086.00,2,4086.10,1,4086.30,1,4086.50,1,4086.60,1,4086.70,2,4086.80,4,Buy,117,43,160,74.00,74.00,1.00,3.90,35.9,4082.90,4086.20,4082.30,4084.30,30,44,74,-14.00,2.00,-25.00,0.80,75.0,0,0,0.7857,0.0000,50.00,5.00,4082.34,0.1657,UP,110.50,0.6697,1.3014
20260721 220005 009,4084.30,1,4083.60,4084.50,0.90,4083.60,1,4083.50,2,4083.30,3,4083.20,2,4082.20,7,4082.10,2,4082.00,5,4081.90,7,4081.80,5,4081.70,7,4084.50,5,4085.00,2,4085.20,2,4086.00,2,4086.10,1,4086.30,1,4086.50,1,4086.60,1,4086.70,2,4086.80,4,Buy,118,43,161,75.00,75.00,1.00,3.90,35.9,4082.90,4086.20,4082.30,4084.30,30,44,74,-14.00,2.00,-25.00,0.80,75.0,0,0,0.7857,0.0000,51.00,6.00,4082.34,0.1657,UP,110.50,0.6697,1.3014
20260721 220005 009,4084.40,1,4083.60,4084.50,0.90,4083.60,1,4083.50,2,4083.30,3,4083.20,2,4082.20,7,4082.10,2,4082.00,5,4081.90,7,4081.80,5,4081.70,7,4084.50,5,4085.00,2,4085.20,2,4086.00,2,4086.10,1,4086.30,1,4086.50,1,4086.60,1,4086.70,2,4086.80,4,Buy,119,43,162,76.00,76.00,1.00,3.90,38.5,4082.90,4086.20,4082.30,4084.40,30,44,74,-14.00,2.00,-25.00,0.80,75.0,0,0,0.7857,0.0000,52.00,7.00,4082.35,0.1688,UP,110.50,0.6697,1.3014
20260721 220005 009,4084.40,1,4083.60,4084.50,0.90,4083.60,1,4083.50,2,4083.30,3,4083.20,2,4082.20,7,4082.10,2,4082.00,5,4081.90,7,4081.80,5,4081.70,7,4084.50,5,4085.00,2,4085.20,2,4086.00,2,4086.10,1,4086.30,1,4086.50,1,4086.60,1,4086.70,2,4086.80,4,Buy,120,43,163,77.00,77.00,1.00,3.90,38.5,4082.90,4086.20,4082.30,4084.40,30,44,74,-14.00,2.00,-25.00,0.80,75.0,0,0,0.7857,0.0000,53.00,8.00,4082.35,0.1688,UP,110.50,0.6697,1.3014
20260721 220005 009,4084.40,1,4083.60,4084.50,0.90,4083.60,1,4083.50,2,4083.30,3,4083.20,2,4082.20,7,4082.10,2,4082.00,5,4081.90,7,4081.80,5,4081.70,7,4084.50,5,4085.00,2,4085.20,2,4086.00,2,4086.10,1,4086.30,1,4086.50,1,4086.60,1,4086.70,2,4086.80,4,Buy,121,43,164,78.00,78.00,1.00,3.90,38.5,4082.90,4086.20,4082.30,4084.40,30,44,74,-14.00,2.00,-25.00,0.80,75.0,0,0,0.7857,0.0000,54.00,9.00,4082.35,0.1688,UP,110.50,0.6697,1.3014
20260721 220005 022,4084.60,1,4083.60,4084.50,0.90,4083.60,1,4083.50,2,4083.30,3,4083.20,2,4082.20,7,4082.10,2,4082.00,5,4081.90,7,4081.80,5,4081.70,7,4084.50,5,4085.00,2,4085.20,2,4086.00,2,4086.10,1,4086.30,1,4086.50,1,4086.60,1,4086.70,2,4086.80,4,Sell,121,44,165,77.00,78.00,1.00,3.90,43.6,4082.90,4086.20,4082.30,4084.60,30,44,74,-14.00,2.00,-25.00,0.80,75.0,0,0,0.7857,0.0130,53.00,8.00,4082.37,0.1752,UP,110.50,0.6697,1.3014
20260721 220005 023,4084.60,1,4083.60,4084.50,0.90,4083.60,1,4083.50,2,4083.30,3,4083.20,2,4082.20,7,4082.10,2,4082.00,5,4081.90,7,4081.80,5,4081.70,7,4084.50,5,4085.00,2,4085.20,2,4086.00,2,4086.10,1,4086.30,1,4086.50,1,4086.60,1,4086.70,2,4086.80,4,Sell,121,45,166,76.00,78.00,1.00,3.90,43.6,4082.90,4086.20,4082.30,4084.60,30,44,74,-14.00,2.00,-25.00,0.80,75.0,0,0,0.7857,0.0263,52.00,7.00,4082.37,0.1752,UP,110.50,0.6697,1.3014
20260721 220005 024,4084.70,1,4083.60,4084.50,0.90,4083.60,1,4083.50,2,4083.30,3,4083.20,2,4082.20,7,4082.10,2,4082.00,5,4081.90,7,4081.80,5,4081.70,7,4084.50,5,4085.00,2,4085.20,2,4086.00,2,4086.10,1,4086.30,1,4086.50,1,4086.60,1,4086.70,2,4086.80,4,Sell,121,46,167,75.00,78.00,1.00,3.90,46.2,4082.90,4086.20,4082.30,4084.70,30,44,74,-14.00,2.00,-25.00,0.80,75.0,0,0,0.7857,0.0400,51.00,6.00,4082.38,0.1783,UP,110.50,0.6697,1.3014
20260721 220005 024,4084.50,5,4083.60,4084.50,0.90,4083.60,1,4083.50,2,4083.30,3,4083.20,2,4082.20,7,4082.10,2,4082.00,5,4081.90,7,4081.80,5,4081.70,7,4084.50,5,4085.00,2,4085.20,2,4086.00,2,4086.10,1,4086.30,1,4086.50,1,4086.60,1,4086.70,2,4086.80,4,Sell,121,51,172,70.00,78.00,1.00,3.90,41.0,4082.90,4086.20,4082.30,4084.50,30,44,74,-14.00,2.00,-25.00,0.80,75.0,0,0,0.7857,0.1143,46.00,1.00,4082.36,0.1720,UP,110.50,0.6697,1.3014
20260721 220005 024,4084.50,1,4083.60,4084.50,0.90,4083.60,1,4083.50,2,4083.30,3,4083.20,2,4082.20,7,4082.10,2,4082.00,5,4081.90,7,4081.80,5,4081.70,7,4084.50,5,4085.00,2,4085.20,2,4086.00,2,4086.10,1,4086.30,1,4086.50,1,4086.60,1,4086.70,2,4086.80,4,Sell,121,52,173,69.00,78.00,1.00,3.90,41.0,4082.90,4086.20,4082.30,4084.50,30,44,74,-14.00,2.00,-25.00,0.80,75.0,0,0,0.7857,0.1304,45.00,0.00,4082.36,0.1720,UP,110.50,0.6697,1.3014
20260721 220005 025,4084.60,1,4083.60,4084.50,0.90,4083.60,1,4083.50,2,4083.30,3,4083.20,2,4082.20,7,4082.10,2,4082.00,5,4081.90,7,4081.80,5,4081.70,7,4084.50,5,4085.00,2,4085.20,2,4086.00,2,4086.10,1,4086.30,1,4086.50,1,4086.60,1,4086.70,2,4086.80,4,Sell,121,53,174,68.00,78.00,1.00,3.90,43.6,4082.90,4086.20,4082.30,4084.60,30,44,74,-14.00,2.00,-25.00,0.80,75.0,0,0,0.7857,0.1471,44.00,-1.00,4082.37,0.1752,UP,110.50,0.6697,1.3014
20260721 220005 074,4083.60,1,4083.60,4084.40,0.80,4083.60,1,4083.50,2,4083.30,3,4083.20,2,4082.20,2,4082.10,2,4082.00,5,4081.90,7,4081.80,5,4081.70,7,4084.40,4,4084.50,2,4085.00,2,4085.20,2,4085.90,1,4086.00,2,4086.10,1,4086.30,1,4086.50,1,4086.60,1,Sell,121,54,175,67.00,78.00,1.00,3.90,17.9,4082.90,4086.20,4082.30,4083.60,30,44,74,-14.00,2.00,-25.00,0.80,75.0,0,0,0.7857,0.1642,43.00,-2.00,4082.28,0.1434,UP,110.50,0.6697,1.3014
20260721 220005 529,4084.10,1,4083.60,4084.10,0.50,4083.60,1,4083.50,2,4083.30,3,4083.20,2,4082.20,7,4082.10,2,4082.00,7,4081.90,7,4081.80,5,4081.70,7,4084.40,4,4084.50,2,4084.80,2,4085.00,2,4085.20,2,4085.90,1,4086.00,4,4086.10,1,4086.30,1,4086.50,1,Buy,122,54,176,68.00,78.00,1.00,3.90,30.8,4082.90,4086.20,4082.30,4084.10,30,44,74,-14.00,2.00,-25.00,0.80,75.0,0,0,0.7857,0.1471,44.00,-1.00,4082.33,0.1593,UP,110.50,0.6697,1.3014
20260721 220006 232,4082.90,1,4082.90,4083.50,0.60,4082.90,2,4082.80,2,4082.70,3,4082.20,2,4081.90,2,4081.80,6,4081.70,8,4081.60,6,4081.50,1,4081.40,1,4083.60,2,4083.70,2,4083.80,2,4084.50,2,4084.80,2,4085.00,2,4085.10,1,4085.20,5,4085.30,1,4085.40,1,Sell,122,55,177,67.00,78.00,1.00,3.90,0.0,4082.90,4086.20,4082.30,4082.90,30,44,74,-14.00,2.00,-25.00,0.80,75.0,0,0,0.7857,0.1642,43.00,-2.00,4082.21,0.1212,UP,110.50,0.6697,1.3014
20260721 220006 234,4083.50,1,4082.90,4083.50,0.60,4082.90,2,4082.80,2,4082.70,3,4082.20,2,4081.90,2,4081.80,6,4081.70,8,4081.60,6,4081.50,1,4081.40,1,4083.60,2,4083.70,2,4083.80,2,4084.50,2,4084.80,2,4085.00,2,4085.10,1,4085.20,5,4085.30,1,4085.40,1,Buy,123,55,178,68.00,78.00,1.00,3.90,15.4,4082.90,4086.20,4082.30,4083.50,30,44,74,-14.00,2.00,-25.00,0.80,75.0,0,0,0.7857,0.1471,44.00,-1.00,4082.27,0.1403,UP,110.50,0.6697,1.3014
20260721 220006 234,4083.50,1,4082.90,4083.50,0.60,4082.90,2,4082.80,2,4082.70,3,4082.20,2,4081.90,2,4081.80,6,4081.70,8,4081.60,6,4081.50,1,4081.40,1,4083.60,2,4083.70,2,4083.80,2,4084.50,2,4084.80,2,4085.00,2,4085.10,1,4085.20,5,4085.30,1,4085.40,1,Buy,124,55,179,69.00,78.00,1.00,3.90,15.4,4082.90,4086.20,4082.30,4083.50,30,44,74,-14.00,2.00,-25.00,0.80,75.0,0,0,0.7857,0.1304,45.00,0.00,4082.27,0.1403,UP,110.50,0.6697,1.3014
20260721 220006 726,4083.10,1,4082.40,4083.70,1.30,4082.40,2,4082.30,4,4082.20,2,4082.00,2,4081.90,2,4081.80,6,4081.70,8,4081.60,6,4081.50,1,4081.40,1,4083.70,6,4084.50,2,4084.80,2,4085.00,5,4085.10,1,4085.20,3,4085.30,1,4085.40,1,4085.50,1,4085.60,2,Sell,124,56,180,68.00,78.00,1.00,3.90,5.1,4082.90,4086.20,4082.30,4083.10,30,44,74,-14.00,2.00,-25.00,0.80,75.0,0,0,0.7857,0.1471,44.00,-1.00,4082.23,0.1276,UP,110.50,0.6697,1.3014
20260721 220006 726,4083.00,1,4082.40,4083.70,1.30,4082.40,2,4082.30,4,4082.20,2,4082.00,2,4081.90,2,4081.80,6,4081.70,8,4081.60,6,4081.50,1,4081.40,1,4083.70,6,4084.50,2,4084.80,2,4085.00,5,4085.10,1,4085.20,3,4085.30,1,4085.40,1,4085.50,1,4085.60,2,Sell,124,57,181,67.00,78.00,1.00,3.90,2.6,4082.90,4086.20,4082.30,4083.00,30,44,74,-14.00,2.00,-25.00,0.80,75.0,0,0,0.7857,0.1642,43.00,-2.00,4082.22,0.1244,UP,110.50,0.6697,1.3014
20260721 220006 726,4083.00,1,4082.40,4083.70,1.30,4082.40,2,4082.30,4,4082.20,2,4082.00,2,4081.90,2,4081.80,6,4081.70,8,4081.60,6,4081.50,1,4081.40,1,4083.70,6,4084.50,2,4084.80,2,4085.00,5,4085.10,1,4085.20,3,4085.30,1,4085.40,1,4085.50,1,4085.60,2,Sell,124,58,182,66.00,78.00,1.00,3.90,2.6,4082.90,4086.20,4082.30,4083.00,30,44,74,-14.00,2.00,-25.00,0.80,75.0,0,0,0.7857,0.1818,42.00,-3.00,4082.22,0.1244,UP,110.50,0.6697,1.3014
20260721 220006 726,4082.80,1,4082.40,4083.70,1.30,4082.40,2,4082.30,4,4082.20,2,4082.00,2,4081.90,2,4081.80,6,4081.70,8,4081.60,6,4081.50,1,4081.40,1,4083.70,6,4084.50,2,4084.80,2,4085.00,5,4085.10,1,4085.20,3,4085.30,1,4085.40,1,4085.50,1,4085.60,2,Sell,124,59,183,65.00,78.00,1.00,3.90,2.6,4082.90,4086.20,4082.30,4082.80,30,44,74,-14.00,2.00,-25.00,0.80,75.0,0,0,0.7857,0.2000,41.00,-4.00,4082.20,0.1180,UP,110.50,0.6697,1.3014
20260721 220006 726,4082.80,1,4082.40,4083.70,1.30,4082.40,2,4082.30,4,4082.20,2,4082.00,2,4081.90,2,4081.80,6,4081.70,8,4081.60,6,4081.50,1,4081.40,1,4083.70,6,4084.50,2,4084.80,2,4085.00,5,4085.10,1,4085.20,3,4085.30,1,4085.40,1,4085.50,1,4085.60,2,Sell,124,60,184,64.00,78.00,1.00,3.90,2.6,4082.90,4086.20,4082.30,4082.80,30,44,74,-14.00,2.00,-25.00,0.80,75.0,0,0,0.7857,0.2188,40.00,-5.00,4082.20,0.1180,UP,110.50,0.6697,1.3014
20260721 220006 726,4082.70,1,4082.40,4083.70,1.30,4082.40,2,4082.30,4,4082.20,2,4082.00,2,4081.90,2,4081.80,6,4081.70,8,4081.60,6,4081.50,1,4081.40,1,4083.70,6,4084.50,2,4084.80,2,4085.00,5,4085.10,1,4085.20,3,4085.30,1,4085.40,1,4085.50,1,4085.60,2,Sell,124,61,185,63.00,78.00,1.00,3.90,5.1,4082.90,4086.20,4082.30,4082.70,30,44,74,-14.00,2.00,-25.00,0.80,75.0,0,0,0.7857,0.2381,39.00,-6.00,4082.19,0.1149,UP,110.50,0.6697,1.3014
20260721 220006 956,4083.70,1,4083.40,4083.90,0.50,4083.40,2,4083.30,2,4082.60,2,4082.50,3,4082.40,2,4082.20,2,4081.90,2,4081.80,6,4081.70,8,4081.60,6,4083.90,5,4084.10,2,4084.30,2,4084.50,2,4084.70,1,4084.80,2,4085.00,5,4085.10,2,4085.20,3,4085.30,1,Buy,125,61,186,64.00,78.00,1.00,3.90,20.5,4082.90,4086.20,4082.30,4083.70,30,44,74,-14.00,2.00,-25.00,0.80,75.0,0,0,0.7857,0.2188,40.00,-5.00,4082.29,0.1466,UP,110.50,0.6697,1.3014
20260721 220006 974,4083.40,1,4083.40,4083.90,0.50,4083.40,2,4083.30,2,4082.60,2,4082.50,3,4082.40,2,4082.20,2,4081.90,2,4081.80,6,4081.70,8,4081.60,6,4083.90,5,4084.10,2,4084.30,2,4084.50,2,4084.70,1,4084.80,2,4085.00,5,4085.10,2,4085.20,3,4085.30,1,Sell,125,62,187,63.00,78.00,1.00,3.90,12.8,4082.90,4086.20,4082.30,4083.40,30,44,74,-14.00,2.00,-25.00,0.80,75.0,0,0,0.7857,0.2381,39.00,-6.00,4082.26,0.1371,UP,110.50,0.6697,1.3014
20260721 220007 125,4083.40,1,4083.40,4083.80,0.40,4083.30,2,4082.60,2,4082.50,3,4082.40,2,4082.20,2,4081.90,2,4081.80,6,4081.70,8,4081.60,6,4081.50,1,4083.80,4,4083.90,3,4084.10,2,4084.30,2,4084.50,2,4084.70,1,4084.80,2,4085.00,5,4085.10,2,4085.20,3,Sell,125,63,188,62.00,78.00,1.00,3.90,12.8,4082.90,4086.20,4082.30,4083.40,30,44,74,-14.00,2.00,-25.00,0.80,75.0,0,0,0.7857,0.2581,38.00,-7.00,4082.26,0.1371,UP,110.50,0.6697,1.3014
20260721 220008 064,4083.50,1,4083.50,4084.10,0.60,4083.40,1,4083.30,2,4082.60,2,4082.50,3,4082.40,2,4082.20,2,4081.90,2,4081.80,6,4081.70,8,4081.60,6,4083.80,3,4083.90,3,4084.00,3,4084.10,2,4084.70,2,4084.80,2,4085.00,5,4085.10,2,4085.20,3,4085.30,1,Sell,125,64,189,61.00,78.00,1.00,3.90,15.4,4082.90,4086.20,4082.30,4083.50,30,44,74,-14.00,2.00,-25.00,0.80,75.0,0,0,0.7857,0.2787,37.00,-8.00,4082.27,0.1403,UP,110.50,0.6697,1.3014
20260721 220008 064,4083.50,1,4083.50,4084.10,0.60,4083.40,1,4083.30,2,4082.60,2,4082.50,3,4082.40,2,4082.20,2,4081.90,2,4081.80,6,4081.70,8,4081.60,6,4083.80,3,4083.90,3,4084.00,3,4084.10,2,4084.70,2,4084.80,2,4085.00,5,4085.10,2,4085.20,3,4085.30,1,Sell,125,65,190,60.00,78.00,1.00,3.90,15.4,4082.90,4086.20,4082.30,4083.50,30,44,74,-14.00,2.00,-25.00,0.80,75.0,0,0,0.7857,0.3000,36.00,-9.00,4082.27,0.1403,UP,110.50,0.6697,1.3014
20260721 220008 064,4083.40,1,4083.50,4084.10,0.60,4083.40,1,4083.30,2,4082.60,2,4082.50,3,4082.40,2,4082.20,2,4081.90,2,4081.80,6,4081.70,8,4081.60,6,4083.80,3,4083.90,3,4084.00,3,4084.10,2,4084.70,2,4084.80,2,4085.00,5,4085.10,2,4085.20,3,4085.30,1,Sell,125,66,191,59.00,78.00,1.00,3.90,12.8,4082.90,4086.20,4082.30,4083.40,30,44,74,-14.00,2.00,-25.00,0.80,75.0,0,0,0.7857,0.3220,35.00,-10.00,4082.26,0.1371,UP,110.50,0.6697,1.3014
20260721 220008 064,4083.30,1,4083.50,4084.10,0.60,4083.40,1,4083.30,2,4082.60,2,4082.50,3,4082.40,2,4082.20,2,4081.90,2,4081.80,6,4081.70,8,4081.60,6,4083.80,3,4083.90,3,4084.00,3,4084.10,2,4084.70,2,4084.80,2,4085.00,5,4085.10,2,4085.20,3,4085.30,1,Sell,125,67,192,58.00,78.00,1.00,3.90,10.3,4082.90,4086.20,4082.30,4083.30,30,44,74,-14.00,2.00,-25.00,0.80,75.0,0,0,0.7857,0.3448,34.00,-11.00,4082.25,0.1339,UP,110.50,0.6697,1.3014
20260721 220008 225,4083.40,1,4082.50,4083.30,0.80,4082.50,3,4082.20,2,4082.00,2,4081.90,3,4081.80,8,4081.70,8,4081.60,4,4081.50,1,4081.40,1,4081.30,1,4083.30,4,4083.40,1,4083.60,2,4083.70,1,4083.80,2,4083.90,2,4084.00,3,4084.10,2,4084.80,2,4084.90,1,Sell,125,68,193,57.00,78.00,1.00,3.90,12.8,4082.90,4086.20,4082.30,4083.40,30,44,74,-14.00,2.00,-25.00,0.80,75.0,0,0,0.7857,0.3684,33.00,-12.00,4082.26,0.1371,UP,110.50,0.6697,1.3014
20260721 220008 225,4083.30,1,4082.50,4083.30,0.80,4082.50,3,4082.20,2,4082.00,2,4081.90,3,4081.80,8,4081.70,8,4081.60,4,4081.50,1,4081.40,1,4081.30,1,4083.30,4,4083.40,1,4083.60,2,4083.70,1,4083.80,2,4083.90,2,4084.00,3,4084.10,2,4084.80,2,4084.90,1,Sell,125,69,194,56.00,78.00,1.00,3.90,10.3,4082.90,4086.20,4082.30,4083.30,30,44,74,-14.00,2.00,-25.00,0.80,75.0,0,0,0.7857,0.3929,32.00,-13.00,4082.25,0.1339,UP,110.50,0.6697,1.3014
20260721 220008 225,4083.30,1,4082.50,4083.30,0.80,4082.50,3,4082.20,2,4082.00,2,4081.90,3,4081.80,8,4081.70,8,4081.60,4,4081.50,1,4081.40,1,4081.30,1,4083.30,4,4083.40,1,4083.60,2,4083.70,1,4083.80,2,4083.90,2,4084.00,3,4084.10,2,4084.80,2,4084.90,1,Sell,125,70,195,55.00,78.00,1.00,3.90,10.3,4082.90,4086.20,4082.30,4083.30,30,44,74,-14.00,2.00,-25.00,0.80,75.0,0,0,0.7857,0.4182,31.00,-14.00,4082.25,0.1339,UP,110.50,0.6697,1.3014
20260721 220008 225,4082.60,2,4082.50,4083.30,0.80,4082.50,3,4082.20,2,4082.00,2,4081.90,3,4081.80,8,4081.70,8,4081.60,4,4081.50,1,4081.40,1,4081.30,1,4083.30,4,4083.40,1,4083.60,2,4083.70,1,4083.80,2,4083.90,2,4084.00,3,4084.10,2,4084.80,2,4084.90,1,Sell,125,72,197,53.00,78.00,1.00,3.90,7.7,4082.90,4086.20,4082.30,4082.60,30,44,74,-14.00,2.00,-25.00,0.80,75.0,0,0,0.7857,0.4717,29.00,-16.00,4082.18,0.1117,UP,110.50,0.6697,1.3014
20260721 220008 225,4082.50,1,4082.50,4083.30,0.80,4082.50,3,4082.20,2,4082.00,2,4081.90,3,4081.80,8,4081.70,8,4081.60,4,4081.50,1,4081.40,1,4081.30,1,4083.30,4,4083.40,1,4083.60,2,4083.70,1,4083.80,2,4083.90,2,4084.00,3,4084.10,2,4084.80,2,4084.90,1,Sell,125,73,198,52.00,78.00,1.00,3.90,10.3,4082.90,4086.20,4082.30,4082.50,30,44,74,-14.00,2.00,-25.00,0.80,75.0,0,0,0.7857,0.5000,28.00,-17.00,4082.17,0.1085,UP,110.50,0.6697,1.3014
20260721 220008 225,4082.50,1,4082.50,4083.30,0.80,4082.50,3,4082.20,2,4082.00,2,4081.90,3,4081.80,8,4081.70,8,4081.60,4,4081.50,1,4081.40,1,4081.30,1,4083.30,4,4083.40,1,4083.60,2,4083.70,1,4083.80,2,4083.90,2,4084.00,3,4084.10,2,4084.80,2,4084.90,1,Sell,125,74,199,51.00,78.00,1.00,3.90,10.3,4082.90,4086.20,4082.30,4082.50,30,44,74,-14.00,2.00,-25.00,0.80,75.0,0,0,0.7857,0.5294,27.00,-18.00,4082.17,0.1085,UP,110.50,0.6697,1.3014
20260721 220008 225,4082.50,1,4082.50,4083.30,0.80,4082.50,3,4082.20,2,4082.00,2,4081.90,3,4081.80,8,4081.70,8,4081.60,4,4081.50,1,4081.40,1,4081.30,1,4083.30,4,4083.40,1,4083.60,2,4083.70,1,4083.80,2,4083.90,2,4084.00,3,4084.10,2,4084.80,2,4084.90,1,Sell,125,75,200,50.00,78.00,1.00,3.90,10.3,4082.90,4086.20,4082.30,4082.50,30,44,74,-14.00,2.00,-25.00,0.80,75.0,0,0,0.7857,0.5600,26.00,-19.00,4082.17,0.1085,UP,110.50,0.6697,1.3014
20260721 220008 225,4082.40,1,4082.50,4083.30,0.80,4082.50,3,4082.20,2,4082.00,2,4081.90,3,4081.80,8,4081.70,8,4081.60,4,4081.50,1,4081.40,1,4081.30,1,4083.30,4,4083.40,1,4083.60,2,4083.70,1,4083.80,2,4083.90,2,4084.00,3,4084.10,2,4084.80,2,4084.90,1,Sell,125,76,201,49.00,78.00,1.00,3.90,12.8,4082.90,4086.20,4082.30,4082.40,30,44,74,-14.00,2.00,-25.00,0.80,75.0,0,0,0.7857,0.5918,25.00,-20.00,4082.16,0.1053,UP,110.50,0.6697,1.3014
20260721 220009 362,4082.70,1,4082.30,4082.70,0.40,4082.30,2,4082.20,2,4081.90,3,4081.80,8,4081.70,8,4081.60,4,4081.50,1,4081.40,1,4081.30,1,4081.20,5,4083.10,3,4083.20,4,4083.50,4,4083.70,2,4084.00,3,4084.10,2,4084.70,2,4084.80,5,4084.90,2,4085.00,3,Buy,126,76,202,50.00,78.00,1.00,3.90,5.1,4082.90,4086.20,4082.30,4082.70,30,44,74,-14.00,2.00,-25.00,0.80,75.0,0,0,0.7857,0.5600,26.00,-19.00,4082.19,0.1149,UP,110.50,0.6697,1.3014
20260721 220009 470,4082.40,1,4082.30,4083.00,0.70,4082.30,2,4082.20,1,4081.90,3,4081.80,8,4081.70,8,4081.60,5,4081.50,2,4081.40,1,4081.30,1,4081.20,5,4083.00,3,4083.10,6,4083.20,3,4083.30,3,4083.70,2,4084.00,3,4084.10,2,4084.70,2,4084.80,5,4084.90,2,Buy,127,76,203,51.00,78.00,1.00,3.90,12.8,4082.90,4086.20,4082.30,4082.40,30,44,74,-14.00,2.00,-25.00,0.80,75.0,0,0,0.7857,0.5294,27.00,-18.00,4082.16,0.1053,UP,110.50,0.6697,1.3014
20260721 220011 712,4082.80,1,4082.50,4082.80,0.30,4082.50,1,4082.40,2,4082.30,1,4082.20,1,4082.00,1,4081.90,2,4081.80,8,4081.70,8,4081.60,5,4081.50,2,4082.90,2,4083.10,5,4083.20,2,4083.30,3,4083.50,2,4083.70,2,4083.90,2,4084.00,3,4084.10,2,4084.60,3,Buy,128,76,204,52.00,78.00,1.00,3.90,2.6,4082.90,4086.20,4082.30,4082.80,30,44,74,-14.00,2.00,-25.00,0.80,75.0,0,0,0.7857,0.5000,28.00,-17.00,4082.20,0.1180,UP,110.50,0.6697,1.3014
20260721 220012 819,4082.50,1,4082.50,4082.90,0.40,4082.40,2,4082.30,1,4082.20,1,4082.00,1,4081.90,2,4081.80,8,4081.70,8,4081.60,5,4081.50,2,4081.40,1,4082.90,2,4083.00,1,4083.10,5,4083.20,2,4083.30,3,4083.60,2,4083.70,2,4083.90,3,4084.00,3,4084.10,2,Sell,128,77,205,51.00,78.00,1.00,3.90,10.3,4082.90,4086.20,4082.30,4082.50,30,44,74,-14.00,2.00,-25.00,0.80,75.0,0,0,0.7857,0.5294,27.00,-18.00,4082.17,0.1085,UP,110.50,0.6697,1.3014
20260721 220014 563,4082.90,2,4082.70,4082.90,0.20,4082.70,1,4082.50,3,4082.40,1,4082.30,1,4082.20,1,4082.00,1,4081.90,2,4081.80,8,4081.70,8,4081.60,5,4082.90,2,4083.00,1,4083.10,5,4083.20,2,4083.30,3,4083.60,1,4083.70,2,4083.80,1,4083.90,3,4084.00,3,Buy,130,77,207,53.00,78.00,1.00,3.90,0.0,4082.90,4086.20,4082.30,4082.90,30,44,74,-14.00,2.00,-25.00,0.80,75.0,0,0,0.7857,0.4717,29.00,-16.00,4082.21,0.1212,UP,110.50,0.6697,1.3014
20260721 220015 472,4082.90,1,4082.90,4083.00,0.10,4082.90,1,4082.70,2,4082.50,2,4082.40,1,4082.30,1,4082.20,1,4082.00,1,4081.90,2,4081.80,8,4081.70,8,4083.00,1,4083.10,1,4083.20,5,4083.50,1,4083.60,2,4083.70,2,4083.90,3,4084.00,3,4084.10,2,4084.60,3,Sell,130,78,208,52.00,78.00,1.00,3.90,0.0,4082.90,4086.20,4082.30,4082.90,30,44,74,-14.00,2.00,-25.00,0.80,75.0,0,0,0.7857,0.5000,28.00,-17.00,4082.21,0.1212,UP,110.50,0.6697,1.3014
20260721 220015 798,4082.70,1,4082.40,4083.00,0.60,4082.40,1,4082.30,1,4082.20,1,4082.00,1,4081.90,2,4081.80,8,4081.70,6,4081.60,5,4081.50,2,4081.40,1,4083.00,2,4083.10,5,4083.20,2,4083.40,1,4083.70,2,4083.90,3,4084.00,3,4084.10,2,4084.60,3,4084.70,2,Sell,130,79,209,51.00,78.00,1.00,3.90,5.1,4082.90,4086.20,4082.30,4082.70,30,44,74,-14.00,2.00,-25.00,0.80,75.0,0,0,0.7857,0.5294,27.00,-18.00,4082.19,0.1149,UP,110.50,0.6697,1.3014
20260721 220015 798,4082.70,1,4082.40,4083.00,0.60,4082.40,1,4082.30,1,4082.20,1,4082.00,1,4081.90,2,4081.80,8,4081.70,6,4081.60,5,4081.50,2,4081.40,1,4083.00,2,4083.10,5,4083.20,2,4083.40,1,4083.70,2,4083.90,3,4084.00,3,4084.10,2,4084.60,3,4084.70,2,Sell,130,80,210,50.00,78.00,1.00,3.90,5.1,4082.90,4086.20,4082.30,4082.70,30,44,74,-14.00,2.00,-25.00,0.80,75.0,0,0,0.7857,0.5600,26.00,-19.00,4082.19,0.1149,UP,110.50,0.6697,1.3014
20260721 220015 798,4082.50,1,4082.40,4083.00,0.60,4082.40,1,4082.30,1,4082.20,1,4082.00,1,4081.90,2,4081.80,8,4081.70,6,4081.60,5,4081.50,2,4081.40,1,4083.00,2,4083.10,5,4083.20,2,4083.40,1,4083.70,2,4083.90,3,4084.00,3,4084.10,2,4084.60,3,4084.70,2,Sell,130,81,211,49.00,78.00,1.00,3.90,10.3,4082.90,4086.20,4082.30,4082.50,30,44,74,-14.00,2.00,-25.00,0.80,75.0,0,0,0.7857,0.5918,25.00,-20.00,4082.17,0.1085,UP,110.50,0.6697,1.3014
20260721 220015 798,4082.50,1,4082.40,4083.00,0.60,4082.40,1,4082.30,1,4082.20,1,4082.00,1,4081.90,2,4081.80,8,4081.70,6,4081.60,5,4081.50,2,4081.40,1,4083.00,2,4083.10,5,4083.20,2,4083.40,1,4083.70,2,4083.90,3,4084.00,3,4084.10,2,4084.60,3,4084.70,2,Sell,130,82,212,48.00,78.00,1.00,3.90,10.3,4082.90,4086.20,4082.30,4082.50,30,44,74,-14.00,2.00,-25.00,0.80,75.0,0,0,0.7857,0.6250,24.00,-21.00,4082.17,0.1085,UP,110.50,0.6697,1.3014
20260721 220015 962,4083.00,1,4082.50,4083.00,0.50,4082.50,1,4082.40,2,4082.30,1,4082.20,1,4082.00,1,4081.90,2,4081.80,8,4081.70,6,4081.60,5,4081.50,1,4083.20,2,4083.40,1,4083.50,1,4083.70,4,4083.80,1,4083.90,3,4084.00,3,4084.10,2,4084.60,3,4084.70,2,Buy,131,82,213,49.00,78.00,1.00,3.90,2.6,4082.90,4086.20,4082.30,4083.00,30,44,74,-14.00,2.00,-25.00,0.80,75.0,0,0,0.7857,0.5918,25.00,-20.00,4082.22,0.1244,UP,110.50,0.6697,1.3014
20260721 220015 962,4083.00,1,4082.50,4083.00,0.50,4082.50,1,4082.40,2,4082.30,1,4082.20,1,4082.00,1,4081.90,2,4081.80,8,4081.70,6,4081.60,5,4081.50,1,4083.20,2,4083.40,1,4083.50,1,4083.70,4,4083.80,1,4083.90,3,4084.00,3,4084.10,2,4084.60,3,4084.70,2,Buy,132,82,214,50.00,78.00,1.00,3.90,2.6,4082.90,4086.20,4082.30,4083.00,30,44,74,-14.00,2.00,-25.00,0.80,75.0,0,0,0.7857,0.5600,26.00,-19.00,4082.22,0.1244,UP,110.50,0.6697,1.3014
20260721 220015 962,4083.10,1,4082.50,4083.00,0.50,4082.50,1,4082.40,2,4082.30,1,4082.20,1,4082.00,1,4081.90,2,4081.80,8,4081.70,6,4081.60,5,4081.50,1,4083.20,2,4083.40,1,4083.50,1,4083.70,4,4083.80,1,4083.90,3,4084.00,3,4084.10,2,4084.60,3,4084.70,2,Buy,133,82,215,51.00,78.00,1.00,3.90,5.1,4082.90,4086.20,4082.30,4083.10,30,44,74,-14.00,2.00,-25.00,0.80,75.0,0,0,0.7857,0.5294,27.00,-18.00,4082.23,0.1276,UP,110.50,0.6697,1.3014
20260721 220015 962,4083.10,3,4082.50,4083.00,0.50,4082.50,1,4082.40,2,4082.30,1,4082.20,1,4082.00,1,4081.90,2,4081.80,8,4081.70,6,4081.60,5,4081.50,1,4083.20,2,4083.40,1,4083.50,1,4083.70,4,4083.80,1,4083.90,3,4084.00,3,4084.10,2,4084.60,3,4084.70,2,Buy,136,82,218,54.00,78.00,1.00,3.90,5.1,4082.90,4086.20,4082.30,4083.10,30,44,74,-14.00,2.00,-25.00,0.80,75.0,0,0,0.7857,0.4444,30.00,-15.00,4082.23,0.1276,UP,110.50,0.6697,1.3014
20260721 220015 962,4083.20,1,4082.50,4083.00,0.50,4082.50,1,4082.40,2,4082.30,1,4082.20,1,4082.00,1,4081.90,2,4081.80,8,4081.70,6,4081.60,5,4081.50,1,4083.20,2,4083.40,1,4083.50,1,4083.70,4,4083.80,1,4083.90,3,4084.00,3,4084.10,2,4084.60,3,4084.70,2,Buy,137,82,219,55.00,78.00,1.00,3.90,7.7,4082.90,4086.20,4082.30,4083.20,30,44,74,-14.00,2.00,-25.00,0.80,75.0,0,0,0.7857,0.4182,31.00,-14.00,4082.24,0.1307,UP,110.50,0.6697,1.3014
20260721 220017 026,4082.50,1,4082.50,4083.20,0.70,4082.50,1,4082.40,2,4082.30,1,4082.20,1,4082.00,1,4081.90,2,4081.80,8,4081.70,7,4081.60,5,4081.50,1,4083.20,5,4083.30,2,4083.40,2,4083.70,2,4083.90,3,4084.00,3,4084.10,2,4084.40,3,4084.50,1,4084.60,1,Sell,137,83,220,54.00,78.00,1.00,3.90,10.3,4082.90,4086.20,4082.30,4082.50,30,44,74,-14.00,2.00,-25.00,0.80,75.0,0,0,0.7857,0.4444,30.00,-15.00,4082.17,0.1085,UP,110.50,0.6697,1.3014
20260721 220017 977,4082.50,1,4082.50,4083.10,0.60,4082.40,2,4082.30,1,4082.20,1,4082.00,1,4081.90,2,4081.80,8,4081.70,7,4081.60,5,4081.50,1,4081.40,1,4083.10,3,4083.20,5,4083.30,2,4083.40,2,4083.70,2,4083.90,3,4084.00,3,4084.10,2,4084.40,3,4084.50,1,Sell,137,84,221,53.00,78.00,1.00,3.90,10.3,4082.90,4086.20,4082.30,4082.50,30,44,74,-14.00,2.00,-25.00,0.80,75.0,0,0,0.7857,0.4717,29.00,-16.00,4082.17,0.1085,UP,110.50,0.6697,1.3014
20260721 220018 088,4082.50,1,4082.40,4083.10,0.70,4082.40,2,4082.30,1,4082.20,1,4082.00,1,4081.90,2,4081.80,8,4081.70,7,4081.60,5,4081.50,1,4081.40,1,4083.10,3,4083.20,5,4083.30,2,4083.40,2,4083.70,2,4083.90,3,4084.00,3,4084.10,2,4084.40,3,4084.50,1,Sell,137,85,222,52.00,78.00,1.00,3.90,10.3,4082.90,4086.20,4082.30,4082.50,30,44,74,-14.00,2.00,-25.00,0.80,75.0,0,0,0.7857,0.5000,28.00,-17.00,4082.17,0.1085,UP,110.50,0.6697,1.3014
20260721 220018 291,4083.10,1,4083.10,4083.80,0.70,4083.10,1,4083.00,2,4082.90,1,4082.50,1,4082.40,2,4082.30,2,4082.20,2,4082.00,2,4081.90,2,4081.80,8,4083.80,2,4083.90,2,4084.70,3,4084.80,2,4084.90,2,4085.00,2,4085.60,2,4085.80,6,4086.00,2,4086.10,5,Buy,138,85,223,53.00,78.00,1.00,3.90,5.1,4082.90,4086.20,4082.30,4083.10,30,44,74,-14.00,2.00,-25.00,0.80,75.0,0,0,0.7857,0.4717,29.00,-16.00,4082.23,0.1276,UP,110.50,0.6697,1.3014
20260721 220018 291,4083.10,1,4083.10,4083.80,0.70,4083.10,1,4083.00,2,4082.90,1,4082.50,1,4082.40,2,4082.30,2,4082.20,2,4082.00,2,4081.90,2,4081.80,8,4083.80,2,4083.90,2,4084.70,3,4084.80,2,4084.90,2,4085.00,2,4085.60,2,4085.80,6,4086.00,2,4086.10,5,Buy,139,85,224,54.00,78.00,1.00,3.90,5.1,4082.90,4086.20,4082.30,4083.10,30,44,74,-14.00,2.00,-25.00,0.80,75.0,0,0,0.7857,0.4444,30.00,-15.00,4082.23,0.1276,UP,110.50,0.6697,1.3014
20260721 220018 291,4083.10,1,4083.10,4083.80,0.70,4083.10,1,4083.00,2,4082.90,1,4082.50,1,4082.40,2,4082.30,2,4082.20,2,4082.00,2,4081.90,2,4081.80,8,4083.80,2,4083.90,2,4084.70,3,4084.80,2,4084.90,2,4085.00,2,4085.60,2,4085.80,6,4086.00,2,4086.10,5,Buy,140,85,225,55.00,78.00,1.00,3.90,5.1,4082.90,4086.20,4082.30,4083.10,30,44,74,-14.00,2.00,-25.00,0.80,75.0,0,0,0.7857,0.4182,31.00,-14.00,4082.23,0.1276,UP,110.50,0.6697,1.3014
20260721 220018 291,4083.20,1,4083.10,4083.80,0.70,4083.10,1,4083.00,2,4082.90,1,4082.50,1,4082.40,2,4082.30,2,4082.20,2,4082.00,2,4081.90,2,4081.80,8,4083.80,2,4083.90,2,4084.70,3,4084.80,2,4084.90,2,4085.00,2,4085.60,2,4085.80,6,4086.00,2,4086.10,5,Buy,141,85,226,56.00,78.00,1.00,3.90,7.7,4082.90,4086.20,4082.30,4083.20,30,44,74,-14.00,2.00,-25.00,0.80,75.0,0,0,0.7857,0.3929,32.00,-13.00,4082.24,0.1307,UP,110.50,0.6697,1.3014
20260721 220018 293,4083.30,1,4083.10,4083.80,0.70,4083.10,1,4083.00,2,4082.90,1,4082.50,1,4082.40,2,4082.30,2,4082.20,2,4082.00,2,4081.90,2,4081.80,8,4083.80,2,4083.90,2,4084.70,3,4084.80,2,4084.90,2,4085.00,2,4085.60,2,4085.80,6,4086.00,2,4086.10,5,Buy,142,85,227,57.00,78.00,1.00,3.90,10.3,4082.90,4086.20,4082.30,4083.30,30,44,74,-14.00,2.00,-25.00,0.80,75.0,0,0,0.7857,0.3684,33.00,-12.00,4082.25,0.1339,UP,110.50,0.6697,1.3014
20260721 220018 293,4083.30,1,4083.10,4083.80,0.70,4083.10,1,4083.00,2,4082.90,1,4082.50,1,4082.40,2,4082.30,2,4082.20,2,4082.00,2,4081.90,2,4081.80,8,4083.80,2,4083.90,2,4084.70,3,4084.80,2,4084.90,2,4085.00,2,4085.60,2,4085.80,6,4086.00,2,4086.10,5,Buy,143,85,228,58.00,78.00,1.00,3.90,10.3,4082.90,4086.20,4082.30,4083.30,30,44,74,-14.00,2.00,-25.00,0.80,75.0,0,0,0.7857,0.3448,34.00,-11.00,4082.25,0.1339,UP,110.50,0.6697,1.3014
20260721 220018 293,4083.30,1,4083.10,4083.80,0.70,4083.10,1,4083.00,2,4082.90,1,4082.50,1,4082.40,2,4082.30,2,4082.20,2,4082.00,2,4081.90,2,4081.80,8,4083.80,2,4083.90,2,4084.70,3,4084.80,2,4084.90,2,4085.00,2,4085.60,2,4085.80,6,4086.00,2,4086.10,5,Buy,144,85,229,59.00,78.00,1.00,3.90,10.3,4082.90,4086.20,4082.30,4083.30,30,44,74,-14.00,2.00,-25.00,0.80,75.0,0,0,0.7857,0.3220,35.00,-10.00,4082.25,0.1339,UP,110.50,0.6697,1.3014
20260721 220018 293,4083.40,1,4083.10,4083.80,0.70,4083.10,1,4083.00,2,4082.90,1,4082.50,1,4082.40,2,4082.30,2,4082.20,2,4082.00,2,4081.90,2,4081.80,8,4083.80,2,4083.90,2,4084.70,3,4084.80,2,4084.90,2,4085.00,2,4085.60,2,4085.80,6,4086.00,2,4086.10,5,Buy,145,85,230,60.00,78.00,1.00,3.90,12.8,4082.90,4086.20,4082.30,4083.40,30,44,74,-14.00,2.00,-25.00,0.80,75.0,0,0,0.7857,0.3000,36.00,-9.00,4082.26,0.1371,UP,110.50,0.6697,1.3014
20260721 220018 293,4083.70,1,4083.10,4083.80,0.70,4083.10,1,4083.00,2,4082.90,1,4082.50,1,4082.40,2,4082.30,2,4082.20,2,4082.00,2,4081.90,2,4081.80,8,4083.80,2,4083.90,2,4084.70,3,4084.80,2,4084.90,2,4085.00,2,4085.60,2,4085.80,6,4086.00,2,4086.10,5,Buy,146,85,231,61.00,78.00,1.00,3.90,20.5,4082.90,4086.20,4082.30,4083.70,30,44,74,-14.00,2.00,-25.00,0.80,75.0,0,0,0.7857,0.2787,37.00,-8.00,4082.29,0.1466,UP,110.50,0.6697,1.3014
20260721 220019 454,4083.40,1,4083.20,4083.80,0.60,4083.20,3,4083.10,1,4083.00,2,4082.90,1,4082.40,2,4082.30,2,4082.20,2,4082.10,2,4082.00,4,4081.90,2,4083.80,2,4083.90,2,4084.70,4,4084.80,2,4085.00,2,4085.60,4,4085.80,6,4085.90,5,4086.00,2,4086.10,5,Sell,146,86,232,60.00,78.00,1.00,3.90,12.8,4082.90,4086.20,4082.30,4083.40,30,44,74,-14.00,2.00,-25.00,0.80,75.0,0,0,0.7857,0.3000,36.00,-9.00,4082.26,0.1371,UP,110.50,0.6697,1.3014
20260721 220020 473,4083.20,1,4083.20,4083.80,0.60,4083.10,1,4083.00,2,4082.90,1,4082.50,1,4082.40,2,4082.30,2,4082.20,2,4082.00,4,4081.90,2,4081.80,6,4083.80,2,4083.90,2,4084.70,4,4084.80,2,4085.00,2,4085.40,4,4085.60,2,4085.70,6,4085.80,6,4085.90,5,Sell,146,87,233,59.00,78.00,1.00,3.90,7.7,4082.90,4086.20,4082.30,4083.20,30,44,74,-14.00,2.00,-25.00,0.80,75.0,0,0,0.7857,0.3220,35.00,-10.00,4082.24,0.1307,UP,110.50,0.6697,1.3014
20260721 220020 473,4083.20,1,4083.20,4083.80,0.60,4083.10,1,4083.00,2,4082.90,1,4082.50,1,4082.40,2,4082.30,2,4082.20,2,4082.00,4,4081.90,2,4081.80,6,4083.80,2,4083.90,2,4084.70,4,4084.80,2,4085.00,2,4085.40,4,4085.60,2,4085.70,6,4085.80,6,4085.90,5,Sell,146,88,234,58.00,78.00,1.00,3.90,7.7,4082.90,4086.20,4082.30,4083.20,30,44,74,-14.00,2.00,-25.00,0.80,75.0,0,0,0.7857,0.3448,34.00,-11.00,4082.24,0.1307,UP,110.50,0.6697,1.3014
20260721 220021 990,4083.20,1,4083.10,4083.80,0.70,4083.10,2,4083.00,3,4082.90,1,4082.40,2,4082.20,2,4082.00,4,4081.90,2,4081.80,6,4081.70,7,4081.60,5,4083.80,2,4083.90,2,4084.60,3,4084.70,1,4084.80,2,4085.00,2,4085.40,4,4085.60,2,4085.70,6,4085.80,6,Sell,146,89,235,57.00,78.00,1.00,3.90,7.7,4082.90,4086.20,4082.30,4083.20,30,44,74,-14.00,2.00,-25.00,0.80,75.0,0,0,0.7857,0.3684,33.00,-12.00,4082.24,0.1307,UP,110.50,0.6697,1.3014
20260721 220022 112,4083.20,1,4082.90,4083.70,0.80,4082.90,1,4082.80,2,4082.70,2,4082.60,1,4082.40,2,4082.20,2,4082.00,4,4081.90,2,4081.80,6,4081.70,7,4083.70,3,4083.80,1,4083.90,2,4084.50,1,4084.60,3,4084.80,2,4085.00,2,4085.20,4,4085.30,2,4085.40,2,Sell,146,90,236,56.00,78.00,1.00,3.90,7.7,4082.90,4086.20,4082.30,4083.20,30,44,74,-14.00,2.00,-25.00,0.80,75.0,0,0,0.7857,0.3929,32.00,-13.00,4082.24,0.1307,UP,110.50,0.6697,1.3014
20260721 220022 112,4083.20,1,4082.90,4083.70,0.80,4082.90,1,4082.80,2,4082.70,2,4082.60,1,4082.40,2,4082.20,2,4082.00,4,4081.90,2,4081.80,6,4081.70,7,4083.70,3,4083.80,1,4083.90,2,4084.50,1,4084.60,3,4084.80,2,4085.00,2,4085.20,4,4085.30,2,4085.40,2,Sell,146,91,237,55.00,78.00,1.00,3.90,7.7,4082.90,4086.20,4082.30,4083.20,30,44,74,-14.00,2.00,-25.00,0.80,75.0,0,0,0.7857,0.4182,31.00,-14.00,4082.24,0.1307,UP,110.50,0.6697,1.3014
20260721 220022 112,4083.20,1,4082.90,4083.70,0.80,4082.90,1,4082.80,2,4082.70,2,4082.60,1,4082.40,2,4082.20,2,4082.00,4,4081.90,2,4081.80,6,4081.70,7,4083.70,3,4083.80,1,4083.90,2,4084.50,1,4084.60,3,4084.80,2,4085.00,2,4085.20,4,4085.30,2,4085.40,2,Sell,146,92,238,54.00,78.00,1.00,3.90,7.7,4082.90,4086.20,4082.30,4083.20,30,44,74,-14.00,2.00,-25.00,0.80,75.0,0,0,0.7857,0.4444,30.00,-15.00,4082.24,0.1307,UP,110.50,0.6697,1.3014
20260721 220023 317,4083.70,1,4083.20,4083.70,0.50,4083.20,2,4083.10,2,4083.00,1,4082.70,2,4082.60,1,4082.20,2,4082.00,5,4081.90,2,4081.80,6,4081.70,7,4083.70,2,4083.80,1,4083.90,2,4084.60,3,4084.80,2,4084.90,1,4085.00,2,4085.20,4,4085.30,2,4085.40,2,Buy,147,92,239,55.00,78.00,1.00,3.90,20.5,4082.90,4086.20,4082.30,4083.70,30,44,74,-14.00,2.00,-25.00,0.80,75.0,0,0,0.7857,0.4182,31.00,-14.00,4082.29,0.1466,UP,110.50,0.6697,1.3014
20260721 220024 283,4083.20,1,4083.10,4083.60,0.50,4083.10,1,4083.00,1,4082.70,2,4082.60,1,4082.20,2,4082.00,2,4081.90,2,4081.80,8,4081.70,7,4081.60,5,4083.60,4,4083.80,1,4083.90,2,4084.80,2,4084.90,2,4085.00,5,4085.10,2,4085.20,2,4085.30,2,4085.40,2,Sell,147,93,240,54.00,78.00,1.00,3.90,7.7,4082.90,4086.20,4082.30,4083.20,30,44,74,-14.00,2.00,-25.00,0.80,75.0,0,0,0.7857,0.4444,30.00,-15.00,4082.24,0.1307,UP,110.50,0.6697,1.3014
20260721 220024 283,4083.20,1,4083.10,4083.60,0.50,4083.10,1,4083.00,1,4082.70,2,4082.60,1,4082.20,2,4082.00,2,4081.90,2,4081.80,8,4081.70,7,4081.60,5,4083.60,4,4083.80,1,4083.90,2,4084.80,2,4084.90,2,4085.00,5,4085.10,2,4085.20,2,4085.30,2,4085.40,2,Sell,147,94,241,53.00,78.00,1.00,3.90,7.7,4082.90,4086.20,4082.30,4083.20,30,44,74,-14.00,2.00,-25.00,0.80,75.0,0,0,0.7857,0.4717,29.00,-16.00,4082.24,0.1307,UP,110.50,0.6697,1.3014
20260721 220025 475,4083.10,1,4083.10,4083.60,0.50,4083.00,2,4082.70,2,4082.60,1,4082.20,2,4082.00,2,4081.90,2,4081.80,8,4081.70,7,4081.60,5,4081.50,1,4083.60,4,4083.80,1,4083.90,2,4084.70,1,4084.80,2,4085.00,5,4085.10,2,4085.20,2,4085.30,2,4085.40,2,Sell,147,95,242,52.00,78.00,1.00,3.90,5.1,4082.90,4086.20,4082.30,4083.10,30,44,74,-14.00,2.00,-25.00,0.80,75.0,0,0,0.7857,0.5000,28.00,-17.00,4082.23,0.1276,UP,110.50,0.6697,1.3014
20260721 220027 149,4083.00,1,4082.50,4083.40,0.90,4082.50,3,4082.40,1,4082.30,1,4082.20,2,4082.00,2,4081.70,2,4081.60,7,4081.50,1,4081.40,1,4081.30,1,4083.40,5,4083.80,3,4083.90,2,4084.80,5,4084.90,2,4085.00,3,4085.10,2,4085.20,2,4085.30,2,4085.40,2,Sell,147,96,243,51.00,78.00,1.00,3.90,2.6,4082.90,4086.20,4082.30,4083.00,30,44,74,-14.00,2.00,-25.00,0.80,75.0,0,0,0.7857,0.5294,27.00,-18.00,4082.22,0.1244,UP,110.50,0.6697,1.3014
20260721 220027 149,4083.00,1,4082.50,4083.40,0.90,4082.50,3,4082.40,1,4082.30,1,4082.20,2,4082.00,2,4081.70,2,4081.60,7,4081.50,1,4081.40,1,4081.30,1,4083.40,5,4083.80,3,4083.90,2,4084.80,5,4084.90,2,4085.00,3,4085.10,2,4085.20,2,4085.30,2,4085.40,2,Sell,147,97,244,50.00,78.00,1.00,3.90,2.6,4082.90,4086.20,4082.30,4083.00,30,44,74,-14.00,2.00,-25.00,0.80,75.0,0,0,0.7857,0.5600,26.00,-19.00,4082.22,0.1244,UP,110.50,0.6697,1.3014
20260721 220027 149,4083.00,1,4082.50,4083.40,0.90,4082.50,3,4082.40,1,4082.30,1,4082.20,2,4082.00,2,4081.70,2,4081.60,7,4081.50,1,4081.40,1,4081.30,1,4083.40,5,4083.80,3,4083.90,2,4084.80,5,4084.90,2,4085.00,3,4085.10,2,4085.20,2,4085.30,2,4085.40,2,Sell,147,98,245,49.00,78.00,1.00,3.90,2.6,4082.90,4086.20,4082.30,4083.00,30,44,74,-14.00,2.00,-25.00,0.80,75.0,0,0,0.7857,0.5918,25.00,-20.00,4082.22,0.1244,UP,110.50,0.6697,1.3014
20260721 220028 790,4083.00,1,4082.50,4083.40,0.90,4082.50,3,4082.40,2,4082.30,3,4082.20,2,4082.00,2,4081.70,2,4081.60,7,4081.50,1,4081.40,1,4081.30,1,4083.40,5,4084.20,3,4084.30,1,4084.40,2,4084.60,3,4084.80,3,4084.90,2,4085.00,3,4085.10,2,4085.20,2,Sell,147,99,246,48.00,78.00,1.00,3.90,2.6,4082.90,4086.20,4082.30,4083.00,30,44,74,-14.00,2.00,-25.00,0.80,75.0,0,0,0.7857,0.6250,24.00,-21.00,4082.22,0.1244,UP,110.50,0.6697,1.3014
20260721 220028 940,4082.50,2,4082.40,4083.00,0.60,4082.40,2,4082.30,1,4082.20,1,4082.00,2,4081.70,2,4081.60,4,4081.50,2,4081.40,3,4081.30,1,4081.20,5,4083.00,5,4083.10,1,4083.20,3,4084.10,1,4084.20,1,4084.30,1,4084.40,4,4084.60,1,4084.80,3,4084.90,2,Sell,147,101,248,46.00,78.00,1.00,3.90,10.3,4082.90,4086.20,4082.30,4082.50,30,44,74,-14.00,2.00,-25.00,0.80,75.0,0,0,0.7857,0.6957,22.00,-23.00,4082.17,0.1085,UP,110.50,0.6697,1.3014
20260721 220030 275,4083.00,1,4082.50,4083.00,0.50,4082.50,2,4082.40,1,4082.30,1,4082.20,1,4082.00,2,4081.60,4,4081.50,2,4081.40,4,4081.30,1,4081.20,5,4083.00,4,4083.10,1,4083.20,3,4084.00,1,4084.10,1,4084.20,3,4084.40,2,4084.60,1,4084.80,3,4084.90,2,Buy,148,101,249,47.00,78.00,1.00,3.90,2.6,4082.90,4086.20,4082.30,4083.00,30,44,74,-14.00,2.00,-25.00,0.80,75.0,0,0,0.7857,0.6596,23.00,-22.00,4082.22,0.1244,UP,110.50,0.6697,1.3014
20260721 220030 475,4082.50,1,4082.20,4082.60,0.40,4082.20,2,4082.10,1,4082.00,1,4081.90,1,4081.60,3,4081.10,1,4081.00,3,4080.80,1,4080.60,7,4080.50,7,4082.60,2,4083.10,1,4083.20,1,4083.70,2,4083.80,1,4083.90,1,4084.00,3,4084.10,1,4084.20,1,4084.30,5,Sell,148,102,250,46.00,78.00,1.00,3.90,10.3,4082.90,4086.20,4082.30,4082.50,30,44,74,-14.00,2.00,-25.00,0.80,75.0,0,0,0.7857,0.6957,22.00,-23.00,4082.17,0.1085,UP,110.50,0.6697,1.3014
20260721 220030 475,4082.50,1,4082.20,4082.60,0.40,4082.20,2,4082.10,1,4082.00,1,4081.90,1,4081.60,3,4081.10,1,4081.00,3,4080.80,1,4080.60,7,4080.50,7,4082.60,2,4083.10,1,4083.20,1,4083.70,2,4083.80,1,4083.90,1,4084.00,3,4084.10,1,4084.20,1,4084.30,5,Sell,148,103,251,45.00,78.00,1.00,3.90,10.3,4082.90,4086.20,4082.30,4082.50,30,44,74,-14.00,2.00,-25.00,0.80,75.0,0,0,0.7857,0.7333,21.00,-24.00,4082.17,0.1085,UP,110.50,0.6697,1.3014
20260721 220030 489,4082.40,1,4082.20,4082.60,0.40,4082.20,2,4082.10,1,4082.00,1,4081.90,1,4081.60,3,4081.10,1,4081.00,3,4080.80,1,4080.60,7,4080.50,7,4082.60,2,4083.10,1,4083.20,1,4083.70,2,4083.80,1,4083.90,1,4084.00,3,4084.10,1,4084.20,1,4084.30,5,Sell,148,104,252,44.00,78.00,1.00,3.90,12.8,4082.90,4086.20,4082.30,4082.40,30,44,74,-14.00,2.00,-25.00,0.80,75.0,0,0,0.7857,0.7727,20.00,-25.00,4082.16,0.1053,UP,110.50,0.6697,1.3014
20260721 220030 489,4082.30,1,4082.20,4082.60,0.40,4082.20,2,4082.10,1,4082.00,1,4081.90,1,4081.60,3,4081.10,1,4081.00,3,4080.80,1,4080.60,7,4080.50,7,4082.60,2,4083.10,1,4083.20,1,4083.70,2,4083.80,1,4083.90,1,4084.00,3,4084.10,1,4084.20,1,4084.30,5,Sell,148,105,253,43.00,78.00,1.00,3.90,15.4,4082.90,4086.20,4082.30,4082.30,30,44,74,-14.00,2.00,-25.00,0.80,75.0,0,0,0.7857,0.8140,19.00,-26.00,4082.15,0.1022,UP,110.50,0.6697,1.3014
20260721 220030 489,4082.20,1,4082.20,4082.60,0.40,4082.20,2,4082.10,1,4082.00,1,4081.90,1,4081.60,3,4081.10,1,4081.00,3,4080.80,1,4080.60,7,4080.50,7,4082.60,2,4083.10,1,4083.20,1,4083.70,2,4083.80,1,4083.90,1,4084.00,3,4084.10,1,4084.20,1,4084.30,5,Sell,148,106,254,42.00,78.00,1.00,4.00,17.5,4082.90,4086.20,4082.20,4082.20,30,44,74,-14.00,2.00,-25.00,0.80,75.0,0,0,0.7857,0.8571,18.00,-27.00,4082.14,0.0990,UP,110.50,0.6697,1.3014
20260721 220031 795,4082.10,1,4082.10,4082.50,0.40,4082.10,2,4082.00,2,4081.90,1,4081.60,3,4081.20,2,4081.10,1,4081.00,4,4080.80,3,4080.70,5,4080.60,5,4082.60,3,4082.70,2,4083.10,1,4083.20,1,4083.70,1,4083.80,3,4083.90,1,4084.00,1,4084.10,1,4084.20,1,Sell,148,107,255,41.00,78.00,1.00,4.10,19.5,4082.90,4086.20,4082.10,4082.10,30,44,74,-14.00,2.00,-25.00,0.80,75.0,0,0,0.7857,0.9024,17.00,-28.00,4082.14,0.0958,UP,110.50,0.6697,1.3014
20260721 220032 049,4082.60,2,4082.20,4082.60,0.40,4082.20,1,4082.10,2,4082.00,2,4081.90,1,4081.60,3,4081.20,2,4081.10,1,4081.00,4,4080.80,3,4080.70,5,4082.60,3,4082.70,1,4083.10,1,4083.20,1,4083.70,1,4083.80,3,4083.90,1,4084.00,1,4084.10,1,4084.20,1,Buy,150,107,257,43.00,78.00,1.00,4.10,7.3,4082.90,4086.20,4082.10,4082.60,30,44,74,-14.00,2.00,-25.00,0.80,75.0,0,0,0.7857,0.8140,19.00,-26.00,4082.18,0.1117,UP,110.50,0.6697,1.3014
20260721 220032 049,4082.60,1,4082.20,4082.60,0.40,4082.20,1,4082.10,2,4082.00,2,4081.90,1,4081.60,3,4081.20,2,4081.10,1,4081.00,4,4080.80,3,4080.70,5,4082.60,3,4082.70,1,4083.10,1,4083.20,1,4083.70,1,4083.80,3,4083.90,1,4084.00,1,4084.10,1,4084.20,1,Buy,151,107,258,44.00,78.00,1.00,4.10,7.3,4082.90,4086.20,4082.10,4082.60,30,44,74,-14.00,2.00,-25.00,0.80,75.0,0,0,0.7857,0.7727,20.00,-25.00,4082.18,0.1117,UP,110.50,0.6697,1.3014
20260721 220032 902,4082.70,1,4082.10,4082.70,0.60,4082.10,1,4082.00,3,4081.90,2,4081.50,3,4081.40,4,4081.30,2,4081.20,1,4081.00,5,4080.80,2,4080.70,6,4082.70,1,4082.80,2,4082.90,2,4083.10,2,4083.20,3,4083.30,2,4084.40,3,4084.50,1,4084.60,3,4084.70,1,Sell,151,108,259,43.00,78.00,1.00,4.10,4.9,4082.90,4086.20,4082.10,4082.70,30,44,74,-14.00,2.00,-25.00,0.80,75.0,0,0,0.7857,0.8140,19.00,-26.00,4082.19,0.1149,UP,110.50,0.6697,1.3014
20260721 220032 902,4082.70,1,4082.10,4082.70,0.60,4082.10,1,4082.00,3,4081.90,2,4081.50,3,4081.40,4,4081.30,2,4081.20,1,4081.00,5,4080.80,2,4080.70,6,4082.70,1,4082.80,2,4082.90,2,4083.10,2,4083.20,3,4083.30,2,4084.40,3,4084.50,1,4084.60,3,4084.70,1,Sell,151,109,260,42.00,78.00,1.00,4.10,4.9,4082.90,4086.20,4082.10,4082.70,30,44,74,-14.00,2.00,-25.00,0.80,75.0,0,0,0.7857,0.8571,18.00,-27.00,4082.19,0.1149,UP,110.50,0.6697,1.3014
20260721 220032 902,4082.70,1,4082.10,4082.70,0.60,4082.10,1,4082.00,3,4081.90,2,4081.50,3,4081.40,4,4081.30,2,4081.20,1,4081.00,5,4080.80,2,4080.70,6,4082.70,1,4082.80,2,4082.90,2,4083.10,2,4083.20,3,4083.30,2,4084.40,3,4084.50,1,4084.60,3,4084.70,1,Sell,151,110,261,41.00,78.00,1.00,4.10,4.9,4082.90,4086.20,4082.10,4082.70,30,44,74,-14.00,2.00,-25.00,0.80,75.0,0,0,0.7857,0.9024,17.00,-28.00,4082.19,0.1149,UP,110.50,0.6697,1.3014
20260721 220032 902,4082.60,1,4082.10,4082.70,0.60,4082.10,1,4082.00,3,4081.90,2,4081.50,3,4081.40,4,4081.30,2,4081.20,1,4081.00,5,4080.80,2,4080.70,6,4082.70,1,4082.80,2,4082.90,2,4083.10,2,4083.20,3,4083.30,2,4084.40,3,4084.50,1,4084.60,3,4084.70,1,Sell,151,111,262,40.00,78.00,1.00,4.10,7.3,4082.90,4086.20,4082.10,4082.60,30,44,74,-14.00,2.00,-25.00,0.80,75.0,0,0,0.7857,0.9500,16.00,-29.00,4082.18,0.1117,UP,110.50,0.6697,1.3014
20260721 220032 902,4082.50,1,4082.10,4082.70,0.60,4082.10,1,4082.00,3,4081.90,2,4081.50,3,4081.40,4,4081.30,2,4081.20,1,4081.00,5,4080.80,2,4080.70,6,4082.70,1,4082.80,2,4082.90,2,4083.10,2,4083.20,3,4083.30,2,4084.40,3,4084.50,1,4084.60,3,4084.70,1,Sell,151,112,263,39.00,78.00,1.00,4.10,9.8,4082.90,4086.20,4082.10,4082.50,30,44,74,-14.00,2.00,-25.00,0.80,75.0,0,0,0.7857,1.0000,15.00,-30.00,4082.17,0.1085,UP,110.50,0.6697,1.3014
20260721 220032 902,4082.50,1,4082.10,4082.70,0.60,4082.10,1,4082.00,3,4081.90,2,4081.50,3,4081.40,4,4081.30,2,4081.20,1,4081.00,5,4080.80,2,4080.70,6,4082.70,1,4082.80,2,4082.90,2,4083.10,2,4083.20,3,4083.30,2,4084.40,3,4084.50,1,4084.60,3,4084.70,1,Sell,151,113,264,38.00,78.00,1.00,4.10,9.8,4082.90,4086.20,4082.10,4082.50,30,44,74,-14.00,2.00,-25.00,0.80,75.0,0,0,0.7857,1.0526,14.00,-31.00,4082.17,0.1085,UP,110.50,0.6697,1.3014
20260721 220032 902,4082.40,1,4082.10,4082.70,0.60,4082.10,1,4082.00,3,4081.90,2,4081.50,3,4081.40,4,4081.30,2,4081.20,1,4081.00,5,4080.80,2,4080.70,6,4082.70,1,4082.80,2,4082.90,2,4083.10,2,4083.20,3,4083.30,2,4084.40,3,4084.50,1,4084.60,3,4084.70,1,Sell,151,114,265,37.00,78.00,1.00,4.10,12.2,4082.90,4086.20,4082.10,4082.40,30,44,74,-14.00,2.00,-25.00,0.80,75.0,0,0,0.7857,1.1081,13.00,-32.00,4082.16,0.1053,UP,110.50,0.6697,1.3014
20260721 220032 902,4082.40,1,4082.10,4082.70,0.60,4082.10,1,4082.00,3,4081.90,2,4081.50,3,4081.40,4,4081.30,2,4081.20,1,4081.00,5,4080.80,2,4080.70,6,4082.70,1,4082.80,2,4082.90,2,4083.10,2,4083.20,3,4083.30,2,4084.40,3,4084.50,1,4084.60,3,4084.70,1,Sell,151,115,266,36.00,78.00,1.00,4.10,12.2,4082.90,4086.20,4082.10,4082.40,30,44,74,-14.00,2.00,-25.00,0.80,75.0,0,0,0.7857,1.1667,12.00,-33.00,4082.16,0.1053,UP,110.50,0.6697,1.3014
20260721 220032 902,4082.30,1,4082.10,4082.70,0.60,4082.10,1,4082.00,3,4081.90,2,4081.50,3,4081.40,4,4081.30,2,4081.20,1,4081.00,5,4080.80,2,4080.70,6,4082.70,1,4082.80,2,4082.90,2,4083.10,2,4083.20,3,4083.30,2,4084.40,3,4084.50,1,4084.60,3,4084.70,1,Sell,151,116,267,35.00,78.00,1.00,4.10,14.6,4082.90,4086.20,4082.10,4082.30,30,44,74,-14.00,2.00,-25.00,0.80,75.0,0,0,0.7857,1.2286,11.00,-34.00,4082.15,0.1022,UP,110.50,0.6697,1.3014
20260721 220032 902,4082.30,1,4082.10,4082.70,0.60,4082.10,1,4082.00,3,4081.90,2,4081.50,3,4081.40,4,4081.30,2,4081.20,1,4081.00,5,4080.80,2,4080.70,6,4082.70,1,4082.80,2,4082.90,2,4083.10,2,4083.20,3,4083.30,2,4084.40,3,4084.50,1,4084.60,3,4084.70,1,Sell,151,117,268,34.00,78.00,1.00,4.10,14.6,4082.90,4086.20,4082.10,4082.30,30,44,74,-14.00,2.00,-25.00,0.80,75.0,0,0,0.7857,1.2941,10.00,-35.00,4082.15,0.1022,UP,110.50,0.6697,1.3014
20260721 220032 902,4082.20,1,4082.10,4082.70,0.60,4082.10,1,4082.00,3,4081.90,2,4081.50,3,4081.40,4,4081.30,2,4081.20,1,4081.00,5,4080.80,2,4080.70,6,4082.70,1,4082.80,2,4082.90,2,4083.10,2,4083.20,3,4083.30,2,4084.40,3,4084.50,1,4084.60,3,4084.70,1,Sell,151,118,269,33.00,78.00,1.00,4.10,17.1,4082.90,4086.20,4082.10,4082.20,30,44,74,-14.00,2.00,-25.00,0.80,75.0,0,0,0.7857,1.3636,9.00,-36.00,4082.14,0.0990,UP,110.50,0.6697,1.3014
20260721 220032 902,4082.20,1,4082.10,4082.70,0.60,4082.10,1,4082.00,3,4081.90,2,4081.50,3,4081.40,4,4081.30,2,4081.20,1,4081.00,5,4080.80,2,4080.70,6,4082.70,1,4082.80,2,4082.90,2,4083.10,2,4083.20,3,4083.30,2,4084.40,3,4084.50,1,4084.60,3,4084.70,1,Sell,151,119,270,32.00,78.00,1.00,4.10,17.1,4082.90,4086.20,4082.10,4082.20,30,44,74,-14.00,2.00,-25.00,0.80,75.0,0,0,0.7857,1.4375,8.00,-37.00,4082.14,0.0990,UP,110.50,0.6697,1.3014
20260721 220032 902,4082.10,1,4082.10,4082.70,0.60,4082.10,1,4082.00,3,4081.90,2,4081.50,3,4081.40,4,4081.30,2,4081.20,1,4081.00,5,4080.80,2,4080.70,6,4082.70,1,4082.80,2,4082.90,2,4083.10,2,4083.20,3,4083.30,2,4084.40,3,4084.50,1,4084.60,3,4084.70,1,Sell,151,120,271,31.00,78.00,1.00,4.10,19.5,4082.90,4086.20,4082.10,4082.10,30,44,74,-14.00,2.00,-25.00,0.80,75.0,0,0,0.7857,1.5161,7.00,-38.00,4082.14,0.0958,UP,110.50,0.6697,1.3014
20260721 220032 902,4082.10,1,4082.10,4082.70,0.60,4082.10,1,4082.00,3,4081.90,2,4081.50,3,4081.40,4,4081.30,2,4081.20,1,4081.00,5,4080.80,2,4080.70,6,4082.70,1,4082.80,2,4082.90,2,4083.10,2,4083.20,3,4083.30,2,4084.40,3,4084.50,1,4084.60,3,4084.70,1,Sell,151,121,272,30.00,78.00,1.00,4.10,19.5,4082.90,4086.20,4082.10,4082.10,30,44,74,-14.00,2.00,-25.00,0.80,75.0,0,0,0.7857,1.6000,6.00,-39.00,4082.14,0.0958,UP,110.50,0.6697,1.3014
20260721 220032 902,4082.00,1,4082.10,4082.70,0.60,4082.10,1,4082.00,3,4081.90,2,4081.50,3,4081.40,4,4081.30,2,4081.20,1,4081.00,5,4080.80,2,4080.70,6,4082.70,1,4082.80,2,4082.90,2,4083.10,2,4083.20,3,4083.30,2,4084.40,3,4084.50,1,4084.60,3,4084.70,1,Sell,151,122,273,29.00,78.00,1.00,4.20,21.4,4082.90,4086.20,4082.00,4082.00,30,44,74,-14.00,2.00,-25.00,0.80,75.0,0,0,0.7857,1.6897,5.00,-40.00,4082.13,0.0926,UP,110.50,0.6697,1.3014
