Timestamp,Last,Volume,Bid,Ask,Spread,BidPrice1,BidQty1,BidPrice2,BidQty2,BidPrice3,BidQty3,BidPrice4,BidQty4,BidPrice5,BidQty5,BidPrice6,BidQty6,BidPrice7,BidQty7,BidPrice8,BidQty8,BidPrice9,BidQty9,BidPrice10,BidQty10,AskPrice1,AskQty1,AskPrice2,AskQty2,AskPrice3,AskQty3,AskPrice4,AskQty4,AskPrice5,AskQty5,AskPrice6,AskQty6,AskPrice7,AskQty7,AskPrice8,AskQty8,AskPrice9,AskQty9,AskPrice10,AskQty10,Aggressor,CurBarBuyVol,CurBarSellVol,CurBarTotalVol,CurBarDelta,CurBarMaxSeen,CurBarMinSeen,CurBarRange,CurBarBodyPct,CurBarOpen,CurBarHigh,CurBarLow,CurBarClose,PrevBarBuyVol,PrevBarSellVol,PrevBarTotalVol,PrevBarDelta,PrevBarMaxSeen,PrevBarMinSeen,PrevBarRange,PrevBarBodyPct,PrevBar30sAggDelta,PrevBar30sTradeCount,PrevBarAbsorbRatio,IntraAbsorbRatio,CumDelta5Bars,CumDelta10Bars,HTFEmaValue,HTFEmaSlope,HTFEmaDir,H2_HourlyVolBaseline,H2_PrevBarVolMultiple,ATRValue
20260720 224438 115,4008.30,1,4008.20,4008.50,0.30,4008.20,1,4008.10,4,4008.00,5,4007.80,3,4007.70,5,4007.60,8,4007.50,8,4007.40,10,4007.30,8,4007.20,7,4008.50,4,4008.60,4,4008.70,5,4008.80,5,4008.90,3,4009.00,3,4009.10,3,4009.20,4,4009.30,8,4009.40,10,Sell,22,19,41,3.00,8.00,-5.00,0.70,57.1,4008.70,4008.70,4008.00,4008.30,46,41,87,5.00,10.00,-18.00,1.60,31.2,0,0,1.0000,1.6667,-247.00,-220.00,4012.27,-0.1965,DOWN,139.45,0.6239,1.8349
20260720 224438 115,4008.30,1,4008.20,4008.50,0.30,4008.20,1,4008.10,4,4008.00,5,4007.80,3,4007.70,5,4007.60,8,4007.50,8,4007.40,10,4007.30,8,4007.20,7,4008.50,4,4008.60,4,4008.70,5,4008.80,5,4008.90,3,4009.00,3,4009.10,3,4009.20,4,4009.30,8,4009.40,10,Sell,22,20,42,2.00,8.00,-5.00,0.70,57.1,4008.70,4008.70,4008.00,4008.30,46,41,87,5.00,10.00,-18.00,1.60,31.2,0,0,1.0000,3.0000,-248.00,-221.00,4012.27,-0.1965,DOWN,139.45,0.6239,1.8349
20260720 224439 623,4008.00,1,4007.60,4007.90,0.30,4007.60,2,4007.50,3,4007.40,5,4007.30,4,4007.20,3,4007.10,5,4007.00,8,4006.90,7,4006.80,10,4006.70,10,4007.90,2,4008.00,4,4008.10,5,4008.20,8,4008.30,4,4008.40,5,4008.50,4,4008.60,3,4008.70,4,4008.80,13,Sell,22,21,43,1.00,8.00,-5.00,0.70,100.0,4008.70,4008.70,4008.00,4008.00,46,41,87,5.00,10.00,-18.00,1.60,31.2,0,0,1.0000,7.0000,-249.00,-222.00,4012.24,-0.2060,DOWN,139.45,0.6239,1.8349
20260720 224439 623,4008.00,2,4007.60,4007.90,0.30,4007.60,2,4007.50,3,4007.40,5,4007.30,4,4007.20,3,4007.10,5,4007.00,8,4006.90,7,4006.80,10,4006.70,10,4007.90,2,4008.00,4,4008.10,5,4008.20,8,4008.30,4,4008.40,5,4008.50,4,4008.60,3,4008.70,4,4008.80,13,Sell,22,23,45,-1.00,8.00,-5.00,0.70,100.0,4008.70,4008.70,4008.00,4008.00,46,41,87,5.00,10.00,-18.00,1.60,31.2,0,0,1.0000,4.0000,-251.00,-224.00,4012.24,-0.2060,DOWN,139.45,0.6239,1.8349
20260720 224439 655,4007.70,1,4007.60,4007.90,0.30,4007.60,2,4007.50,3,4007.40,5,4007.30,4,4007.20,3,4007.10,5,4007.00,8,4006.90,7,4006.80,10,4006.70,10,4007.90,2,4008.00,4,4008.10,5,4008.20,8,4008.30,4,4008.40,5,4008.50,4,4008.60,3,4008.70,4,4008.80,13,Sell,22,24,46,-2.00,8.00,-5.00,1.00,100.0,4008.70,4008.70,4007.70,4007.70,46,41,87,5.00,10.00,-18.00,1.60,31.2,0,0,1.0000,1.5000,-252.00,-225.00,4012.22,-0.2155,DOWN,139.45,0.6239,1.8563
20260720 224439 655,4007.70,1,4007.60,4007.90,0.30,4007.60,2,4007.50,3,4007.40,5,4007.30,4,4007.20,3,4007.10,5,4007.00,8,4006.90,7,4006.80,10,4006.70,10,4007.90,2,4008.00,4,4008.10,5,4008.20,8,4008.30,4,4008.40,5,4008.50,4,4008.60,3,4008.70,4,4008.80,13,Sell,22,25,47,-3.00,8.00,-5.00,1.00,100.0,4008.70,4008.70,4007.70,4007.70,46,41,87,5.00,10.00,-18.00,1.60,31.2,0,0,1.0000,0.6667,-253.00,-226.00,4012.22,-0.2155,DOWN,139.45,0.6239,1.8563
20260720 224440 503,4007.70,1,4007.70,4008.00,0.30,4007.70,3,4007.60,3,4007.50,3,4007.40,6,4007.30,4,4007.20,3,4007.10,5,4007.00,7,4006.90,7,4006.80,10,4008.00,2,4008.10,5,4008.20,8,4008.30,4,4008.40,5,4008.50,4,4008.60,3,4008.70,4,4008.80,13,4008.90,11,Sell,22,26,48,-4.00,8.00,-5.00,1.00,100.0,4008.70,4008.70,4007.70,4007.70,46,41,87,5.00,10.00,-18.00,1.60,31.2,0,0,1.0000,0.2500,-254.00,-227.00,4012.22,-0.2155,DOWN,139.45,0.6239,1.8563
20260720 224441 835,4007.70,1,4007.70,4008.00,0.30,4007.70,3,4007.60,3,4007.50,3,4007.40,6,4007.30,4,4007.20,3,4007.10,5,4007.00,7,4006.90,7,4006.80,10,4008.00,3,4008.10,5,4008.20,7,4008.30,4,4008.40,5,4008.50,4,4008.60,3,4008.70,4,4008.80,13,4008.90,11,Sell,22,27,49,-5.00,8.00,-5.00,1.00,100.0,4008.70,4008.70,4007.70,4007.70,46,41,87,5.00,10.00,-18.00,1.60,31.2,0,0,1.0000,0.0000,-255.00,-228.00,4012.22,-0.2155,DOWN,139.45,0.6239,1.8563
20260720 224441 835,4007.70,1,4007.70,4008.00,0.30,4007.70,3,4007.60,3,4007.50,3,4007.40,6,4007.30,4,4007.20,3,4007.10,5,4007.00,7,4006.90,7,4006.80,10,4008.00,3,4008.10,5,4008.20,7,4008.30,4,4008.40,5,4008.50,4,4008.60,3,4008.70,4,4008.80,13,4008.90,11,Sell,22,28,50,-6.00,8.00,-6.00,1.00,100.0,4008.70,4008.70,4007.70,4007.70,46,41,87,5.00,10.00,-18.00,1.60,31.2,0,0,1.0000,0.0000,-256.00,-229.00,4012.22,-0.2155,DOWN,139.45,0.6239,1.8563
20260720 224444 323,4008.00,1,4007.90,4008.30,0.40,4007.90,3,4007.80,5,4007.70,7,4007.60,4,4007.50,3,4007.40,5,4007.30,4,4007.20,8,4007.10,10,4007.00,12,4008.30,3,4008.40,5,4008.50,4,4008.60,3,4008.70,4,4008.80,5,4008.90,3,4009.00,3,4009.10,11,4009.20,12,Buy,23,28,51,-5.00,8.00,-6.00,1.00,70.0,4008.70,4008.70,4007.70,4008.00,46,41,87,5.00,10.00,-18.00,1.60,31.2,0,0,1.0000,0.2000,-255.00,-228.00,4012.24,-0.2060,DOWN,139.45,0.6239,1.8563
20260720 224444 323,4008.00,1,4007.90,4008.30,0.40,4007.90,3,4007.80,5,4007.70,7,4007.60,4,4007.50,3,4007.40,5,4007.30,4,4007.20,8,4007.10,10,4007.00,12,4008.30,3,4008.40,5,4008.50,4,4008.60,3,4008.70,4,4008.80,5,4008.90,3,4009.00,3,4009.10,11,4009.20,12,Buy,24,28,52,-4.00,8.00,-6.00,1.00,70.0,4008.70,4008.70,4007.70,4008.00,46,41,87,5.00,10.00,-18.00,1.60,31.2,0,0,1.0000,0.5000,-254.00,-227.00,4012.24,-0.2060,DOWN,139.45,0.6239,1.8563
20260720 224444 323,4008.10,1,4007.90,4008.30,0.40,4007.90,3,4007.80,5,4007.70,7,4007.60,4,4007.50,3,4007.40,5,4007.30,4,4007.20,8,4007.10,10,4007.00,12,4008.30,3,4008.40,5,4008.50,4,4008.60,3,4008.70,4,4008.80,5,4008.90,3,4009.00,3,4009.10,11,4009.20,12,Buy,25,28,53,-3.00,8.00,-6.00,1.00,60.0,4008.70,4008.70,4007.70,4008.10,46,41,87,5.00,10.00,-18.00,1.60,31.2,0,0,1.0000,1.0000,-253.00,-226.00,4012.25,-0.2028,DOWN,139.45,0.6239,1.8563
20260720 224444 323,4008.10,1,4007.90,4008.30,0.40,4007.90,3,4007.80,5,4007.70,7,4007.60,4,4007.50,3,4007.40,5,4007.30,4,4007.20,8,4007.10,10,4007.00,12,4008.30,3,4008.40,5,4008.50,4,4008.60,3,4008.70,4,4008.80,5,4008.90,3,4009.00,3,4009.10,11,4009.20,12,Buy,26,28,54,-2.00,8.00,-6.00,1.00,60.0,4008.70,4008.70,4007.70,4008.10,46,41,87,5.00,10.00,-18.00,1.60,31.2,0,0,1.0000,2.0000,-252.00,-225.00,4012.25,-0.2028,DOWN,139.45,0.6239,1.8563
20260720 224444 323,4008.10,1,4007.90,4008.30,0.40,4007.90,3,4007.80,5,4007.70,7,4007.60,4,4007.50,3,4007.40,5,4007.30,4,4007.20,8,4007.10,10,4007.00,12,4008.30,3,4008.40,5,4008.50,4,4008.60,3,4008.70,4,4008.80,5,4008.90,3,4009.00,3,4009.10,11,4009.20,12,Buy,27,28,55,-1.00,8.00,-6.00,1.00,60.0,4008.70,4008.70,4007.70,4008.10,46,41,87,5.00,10.00,-18.00,1.60,31.2,0,0,1.0000,5.0000,-251.00,-224.00,4012.25,-0.2028,DOWN,139.45,0.6239,1.8563
20260720 224444 323,4008.10,1,4007.90,4008.30,0.40,4007.90,3,4007.80,5,4007.70,7,4007.60,4,4007.50,3,4007.40,5,4007.30,4,4007.20,8,4007.10,10,4007.00,12,4008.30,3,4008.40,5,4008.50,4,4008.60,3,4008.70,4,4008.80,5,4008.90,3,4009.00,3,4009.10,11,4009.20,12,Buy,28,28,56,0.00,8.00,-6.00,1.00,60.0,4008.70,4008.70,4007.70,4008.10,46,41,87,5.00,10.00,-18.00,1.60,31.2,0,0,1.0000,8.0000,-250.00,-223.00,4012.25,-0.2028,DOWN,139.45,0.6239,1.8563
20260720 224444 323,4008.10,1,4007.90,4008.30,0.40,4007.90,3,4007.80,5,4007.70,7,4007.60,4,4007.50,3,4007.40,5,4007.30,4,4007.20,8,4007.10,10,4007.00,12,4008.30,3,4008.40,5,4008.50,4,4008.60,3,4008.70,4,4008.80,5,4008.90,3,4009.00,3,4009.10,11,4009.20,12,Buy,29,28,57,1.00,8.00,-6.00,1.00,60.0,4008.70,4008.70,4007.70,4008.10,46,41,87,5.00,10.00,-18.00,1.60,31.2,0,0,1.0000,7.0000,-249.00,-222.00,4012.25,-0.2028,DOWN,139.45,0.6239,1.8563
20260720 224444 323,4008.20,1,4007.90,4008.30,0.40,4007.90,3,4007.80,5,4007.70,7,4007.60,4,4007.50,3,4007.40,5,4007.30,4,4007.20,8,4007.10,10,4007.00,12,4008.30,3,4008.40,5,4008.50,4,4008.60,3,4008.70,4,4008.80,5,4008.90,3,4009.00,3,4009.10,11,4009.20,12,Buy,30,28,58,2.00,8.00,-6.00,1.00,50.0,4008.70,4008.70,4007.70,4008.20,46,41,87,5.00,10.00,-18.00,1.60,31.2,0,0,1.0000,3.0000,-248.00,-221.00,4012.26,-0.1996,DOWN,139.45,0.6239,1.8563
20260720 224444 323,4008.20,1,4007.90,4008.30,0.40,4007.90,3,4007.80,5,4007.70,7,4007.60,4,4007.50,3,4007.40,5,4007.30,4,4007.20,8,4007.10,10,4007.00,12,4008.30,3,4008.40,5,4008.50,4,4008.60,3,4008.70,4,4008.80,5,4008.90,3,4009.00,3,4009.10,11,4009.20,12,Buy,31,28,59,3.00,8.00,-6.00,1.00,50.0,4008.70,4008.70,4007.70,4008.20,46,41,87,5.00,10.00,-18.00,1.60,31.2,0,0,1.0000,1.6667,-247.00,-220.00,4012.26,-0.1996,DOWN,139.45,0.6239,1.8563
20260720 224444 323,4008.20,1,4007.90,4008.30,0.40,4007.90,3,4007.80,5,4007.70,7,4007.60,4,4007.50,3,4007.40,5,4007.30,4,4007.20,8,4007.10,10,4007.00,12,4008.30,3,4008.40,5,4008.50,4,4008.60,3,4008.70,4,4008.80,5,4008.90,3,4009.00,3,4009.10,11,4009.20,12,Buy,32,28,60,4.00,8.00,-6.00,1.00,50.0,4008.70,4008.70,4007.70,4008.20,46,41,87,5.00,10.00,-18.00,1.60,31.2,0,0,1.0000,1.0000,-246.00,-219.00,4012.26,-0.1996,DOWN,139.45,0.6239,1.8563
20260720 224446 739,4008.30,1,4008.30,4008.60,0.30,4008.30,2,4008.20,4,4008.10,4,4008.00,4,4007.90,3,4007.80,5,4007.70,6,4007.60,4,4007.50,8,4007.40,10,4008.60,2,4008.70,4,4008.80,5,4008.90,3,4009.00,3,4009.10,3,4009.20,4,4009.30,10,4009.40,10,4009.50,9,Buy,33,28,61,5.00,8.00,-6.00,1.00,40.0,4008.70,4008.70,4007.70,4008.30,46,41,87,5.00,10.00,-18.00,1.60,31.2,0,0,1.0000,0.6000,-245.00,-218.00,4012.27,-0.1965,DOWN,139.45,0.6239,1.8563
20260720 224446 739,4008.30,1,4008.30,4008.60,0.30,4008.30,2,4008.20,4,4008.10,4,4008.00,4,4007.90,3,4007.80,5,4007.70,6,4007.60,4,4007.50,8,4007.40,10,4008.60,2,4008.70,4,4008.80,5,4008.90,3,4009.00,3,4009.10,3,4009.20,4,4009.30,10,4009.40,10,4009.50,9,Buy,34,28,62,6.00,8.00,-6.00,1.00,40.0,4008.70,4008.70,4007.70,4008.30,46,41,87,5.00,10.00,-18.00,1.60,31.2,0,0,1.0000,0.3333,-244.00,-217.00,4012.27,-0.1965,DOWN,139.45,0.6239,1.8563
20260720 224446 740,4008.50,1,4008.30,4008.60,0.30,4008.30,2,4008.20,4,4008.10,4,4008.00,4,4007.90,3,4007.80,5,4007.70,6,4007.60,4,4007.50,8,4007.40,10,4008.60,2,4008.70,4,4008.80,5,4008.90,3,4009.00,3,4009.10,3,4009.20,4,4009.30,10,4009.40,10,4009.50,9,Buy,35,28,63,7.00,8.00,-6.00,1.00,20.0,4008.70,4008.70,4007.70,4008.50,46,41,87,5.00,10.00,-18.00,1.60,31.2,0,0,1.0000,0.1429,-243.00,-216.00,4012.29,-0.1901,DOWN,139.45,0.6239,1.8563
20260720 224447 987,4008.40,1,4008.20,4008.50,0.30,4008.20,3,4008.10,4,4008.00,3,4007.90,4,4007.80,5,4007.70,6,4007.60,4,4007.50,3,4007.40,10,4007.30,9,4008.50,3,4008.60,6,4008.70,4,4008.80,5,4008.90,3,4009.00,3,4009.10,3,4009.20,4,4009.30,5,4009.40,10,Sell,35,29,64,6.00,8.00,-6.00,1.00,30.0,4008.70,4008.70,4007.70,4008.40,46,41,87,5.00,10.00,-18.00,1.60,31.2,0,0,1.0000,0.3333,-244.00,-217.00,4012.28,-0.1933,DOWN,139.45,0.6239,1.8563
20260720 224447 987,4008.40,1,4008.20,4008.50,0.30,4008.20,3,4008.10,4,4008.00,3,4007.90,4,4007.80,5,4007.70,6,4007.60,4,4007.50,3,4007.40,10,4007.30,9,4008.50,3,4008.60,6,4008.70,4,4008.80,5,4008.90,3,4009.00,3,4009.10,3,4009.20,4,4009.30,5,4009.40,10,Sell,35,30,65,5.00,8.00,-6.00,1.00,30.0,4008.70,4008.70,4007.70,4008.40,46,41,87,5.00,10.00,-18.00,1.60,31.2,0,0,1.0000,0.6000,-245.00,-218.00,4012.28,-0.1933,DOWN,139.45,0.6239,1.8563
20260720 224448 100,4008.50,1,4008.20,4008.50,0.30,4008.20,3,4008.10,4,4008.00,3,4007.90,4,4007.80,5,4007.70,6,4007.60,4,4007.50,3,4007.40,10,4007.30,9,4008.50,2,4008.60,6,4008.70,4,4008.80,5,4008.90,3,4009.00,3,4009.10,3,4009.20,4,4009.30,5,4009.40,10,Buy,36,30,66,6.00,8.00,-6.00,1.00,20.0,4008.70,4008.70,4007.70,4008.50,46,41,87,5.00,10.00,-18.00,1.60,31.2,0,0,1.0000,0.3333,-244.00,-217.00,4012.29,-0.1901,DOWN,139.45,0.6239,1.8563
20260720 224448 100,4008.50,1,4008.20,4008.50,0.30,4008.20,3,4008.10,4,4008.00,3,4007.90,4,4007.80,5,4007.70,6,4007.60,4,4007.50,3,4007.40,10,4007.30,9,4008.50,2,4008.60,6,4008.70,4,4008.80,5,4008.90,3,4009.00,3,4009.10,3,4009.20,4,4009.30,5,4009.40,10,Buy,37,30,67,7.00,8.00,-6.00,1.00,20.0,4008.70,4008.70,4007.70,4008.50,46,41,87,5.00,10.00,-18.00,1.60,31.2,0,0,1.0000,0.1429,-243.00,-216.00,4012.29,-0.1901,DOWN,139.45,0.6239,1.8563
20260720 224451 879,4008.30,1,4008.20,4008.40,0.20,4008.20,5,4008.10,4,4008.00,2,4007.90,2,4007.80,4,4007.70,9,4007.60,8,4007.50,8,4007.40,11,4007.30,9,4008.60,2,4008.70,5,4008.80,8,4008.90,2,4009.00,3,4009.10,3,4009.20,4,4009.30,5,4009.40,5,4009.50,9,Sell,37,31,68,6.00,8.00,-6.00,1.00,40.0,4008.70,4008.70,4007.70,4008.30,46,41,87,5.00,10.00,-18.00,1.60,31.2,0,0,1.0000,0.3333,-244.00,-217.00,4012.27,-0.1965,DOWN,139.45,0.6239,1.8563
20260720 224451 879,4008.30,1,4008.20,4008.40,0.20,4008.20,5,4008.10,4,4008.00,2,4007.90,2,4007.80,4,4007.70,9,4007.60,8,4007.50,8,4007.40,11,4007.30,9,4008.60,2,4008.70,5,4008.80,8,4008.90,2,4009.00,3,4009.10,3,4009.20,4,4009.30,5,4009.40,5,4009.50,9,Sell,37,32,69,5.00,8.00,-6.00,1.00,40.0,4008.70,4008.70,4007.70,4008.30,46,41,87,5.00,10.00,-18.00,1.60,31.2,0,0,1.0000,0.6000,-245.00,-218.00,4012.27,-0.1965,DOWN,139.45,0.6239,1.8563
20260720 224451 883,4008.20,1,4008.20,4008.40,0.20,4008.20,5,4008.10,4,4008.00,2,4007.90,2,4007.80,4,4007.70,9,4007.60,8,4007.50,8,4007.40,11,4007.30,9,4008.60,2,4008.70,5,4008.80,8,4008.90,2,4009.00,3,4009.10,3,4009.20,4,4009.30,5,4009.40,5,4009.50,9,Sell,37,33,70,4.00,8.00,-6.00,1.00,50.0,4008.70,4008.70,4007.70,4008.20,46,41,87,5.00,10.00,-18.00,1.60,31.2,0,0,1.0000,1.0000,-246.00,-219.00,4012.26,-0.1996,DOWN,139.45,0.6239,1.8563
20260720 224452 151,4008.10,1,4007.80,4008.10,0.30,4007.80,2,4007.70,2,4007.60,3,4007.50,3,4007.40,5,4007.30,4,4007.20,9,4007.10,11,4007.00,10,4006.90,7,4008.10,4,4008.20,6,4008.30,7,4008.40,5,4008.60,4,4008.70,4,4008.80,8,4008.90,10,4009.00,11,4009.10,11,Sell,37,34,71,3.00,8.00,-6.00,1.00,60.0,4008.70,4008.70,4007.70,4008.10,46,41,87,5.00,10.00,-18.00,1.60,31.2,0,0,1.0000,1.6667,-247.00,-220.00,4012.25,-0.2028,DOWN,139.45,0.6239,1.8563
20260720 224452 151,4008.10,1,4007.80,4008.10,0.30,4007.80,2,4007.70,2,4007.60,3,4007.50,3,4007.40,5,4007.30,4,4007.20,9,4007.10,11,4007.00,10,4006.90,7,4008.10,4,4008.20,6,4008.30,7,4008.40,5,4008.60,4,4008.70,4,4008.80,8,4008.90,10,4009.00,11,4009.10,11,Sell,37,35,72,2.00,8.00,-6.00,1.00,60.0,4008.70,4008.70,4007.70,4008.10,46,41,87,5.00,10.00,-18.00,1.60,31.2,0,0,1.0000,3.0000,-248.00,-221.00,4012.25,-0.2028,DOWN,139.45,0.6239,1.8563
20260720 224452 151,4008.10,1,4007.80,4008.10,0.30,4007.80,2,4007.70,2,4007.60,3,4007.50,3,4007.40,5,4007.30,4,4007.20,9,4007.10,11,4007.00,10,4006.90,7,4008.10,4,4008.20,6,4008.30,7,4008.40,5,4008.60,4,4008.70,4,4008.80,8,4008.90,10,4009.00,11,4009.10,11,Sell,37,36,73,1.00,8.00,-6.00,1.00,60.0,4008.70,4008.70,4007.70,4008.10,46,41,87,5.00,10.00,-18.00,1.60,31.2,0,0,1.0000,7.0000,-249.00,-222.00,4012.25,-0.2028,DOWN,139.45,0.6239,1.8563
20260720 224452 151,4008.00,1,4007.80,4008.10,0.30,4007.80,2,4007.70,2,4007.60,3,4007.50,3,4007.40,5,4007.30,4,4007.20,9,4007.10,11,4007.00,10,4006.90,7,4008.10,4,4008.20,6,4008.30,7,4008.40,5,4008.60,4,4008.70,4,4008.80,8,4008.90,10,4009.00,11,4009.10,11,Sell,37,37,74,0.00,8.00,-6.00,1.00,70.0,4008.70,4008.70,4007.70,4008.00,46,41,87,5.00,10.00,-18.00,1.60,31.2,0,0,1.0000,8.0000,-250.00,-223.00,4012.24,-0.2060,DOWN,139.45,0.6239,1.8563
20260720 224452 151,4008.00,1,4007.80,4008.10,0.30,4007.80,2,4007.70,2,4007.60,3,4007.50,3,4007.40,5,4007.30,4,4007.20,9,4007.10,11,4007.00,10,4006.90,7,4008.10,4,4008.20,6,4008.30,7,4008.40,5,4008.60,4,4008.70,4,4008.80,8,4008.90,10,4009.00,11,4009.10,11,Sell,37,38,75,-1.00,8.00,-6.00,1.00,70.0,4008.70,4008.70,4007.70,4008.00,46,41,87,5.00,10.00,-18.00,1.60,31.2,0,0,1.0000,5.0000,-251.00,-224.00,4012.24,-0.2060,DOWN,139.45,0.6239,1.8563
20260720 224452 152,4007.90,1,4007.80,4008.10,0.30,4007.80,2,4007.70,2,4007.60,3,4007.50,3,4007.40,5,4007.30,4,4007.20,9,4007.10,11,4007.00,10,4006.90,7,4008.10,4,4008.20,6,4008.30,7,4008.40,5,4008.60,4,4008.70,4,4008.80,8,4008.90,10,4009.00,11,4009.10,11,Sell,37,39,76,-2.00,8.00,-6.00,1.00,80.0,4008.70,4008.70,4007.70,4007.90,46,41,87,5.00,10.00,-18.00,1.60,31.2,0,0,1.0000,2.0000,-252.00,-225.00,4012.23,-0.2092,DOWN,139.45,0.6239,1.8563
20260720 224452 160,4008.00,1,4007.80,4008.10,0.30,4007.80,2,4007.70,2,4007.60,3,4007.50,3,4007.40,5,4007.30,4,4007.20,9,4007.10,11,4007.00,10,4006.90,7,4008.10,4,4008.20,6,4008.30,7,4008.40,5,4008.60,4,4008.70,4,4008.80,8,4008.90,10,4009.00,11,4009.10,11,Buy,38,39,77,-1.00,8.00,-6.00,1.00,70.0,4008.70,4008.70,4007.70,4008.00,46,41,87,5.00,10.00,-18.00,1.60,31.2,0,0,1.0000,5.0000,-251.00,-224.00,4012.24,-0.2060,DOWN,139.45,0.6239,1.8563
20260720 224452 160,4008.00,1,4007.80,4008.10,0.30,4007.80,2,4007.70,2,4007.60,3,4007.50,3,4007.40,5,4007.30,4,4007.20,9,4007.10,11,4007.00,10,4006.90,7,4008.10,4,4008.20,6,4008.30,7,4008.40,5,4008.60,4,4008.70,4,4008.80,8,4008.90,10,4009.00,11,4009.10,11,Buy,39,39,78,0.00,8.00,-6.00,1.00,70.0,4008.70,4008.70,4007.70,4008.00,46,41,87,5.00,10.00,-18.00,1.60,31.2,0,0,1.0000,8.0000,-250.00,-223.00,4012.24,-0.2060,DOWN,139.45,0.6239,1.8563
20260720 224452 160,4008.10,1,4007.80,4008.10,0.30,4007.80,2,4007.70,2,4007.60,3,4007.50,3,4007.40,5,4007.30,4,4007.20,9,4007.10,11,4007.00,10,4006.90,7,4008.10,4,4008.20,6,4008.30,7,4008.40,5,4008.60,4,4008.70,4,4008.80,8,4008.90,10,4009.00,11,4009.10,11,Buy,40,39,79,1.00,8.00,-6.00,1.00,60.0,4008.70,4008.70,4007.70,4008.10,46,41,87,5.00,10.00,-18.00,1.60,31.2,0,0,1.0000,7.0000,-249.00,-222.00,4012.25,-0.2028,DOWN,139.45,0.6239,1.8563
20260720 224452 160,4008.10,1,4007.80,4008.10,0.30,4007.80,2,4007.70,2,4007.60,3,4007.50,3,4007.40,5,4007.30,4,4007.20,9,4007.10,11,4007.00,10,4006.90,7,4008.10,4,4008.20,6,4008.30,7,4008.40,5,4008.60,4,4008.70,4,4008.80,8,4008.90,10,4009.00,11,4009.10,11,Buy,41,39,80,2.00,8.00,-6.00,1.00,60.0,4008.70,4008.70,4007.70,4008.10,46,41,87,5.00,10.00,-18.00,1.60,31.2,0,0,1.0000,3.0000,-248.00,-221.00,4012.25,-0.2028,DOWN,139.45,0.6239,1.8563
20260720 224452 160,4008.10,1,4007.80,4008.10,0.30,4007.80,2,4007.70,2,4007.60,3,4007.50,3,4007.40,5,4007.30,4,4007.20,9,4007.10,11,4007.00,10,4006.90,7,4008.10,4,4008.20,6,4008.30,7,4008.40,5,4008.60,4,4008.70,4,4008.80,8,4008.90,10,4009.00,11,4009.10,11,Buy,42,39,81,3.00,8.00,-6.00,1.00,60.0,4008.70,4008.70,4007.70,4008.10,46,41,87,5.00,10.00,-18.00,1.60,31.2,0,0,1.0000,1.6667,-247.00,-220.00,4012.25,-0.2028,DOWN,139.45,0.6239,1.8563
20260720 224452 160,4008.10,1,4007.80,4008.10,0.30,4007.80,2,4007.70,2,4007.60,3,4007.50,3,4007.40,5,4007.30,4,4007.20,9,4007.10,11,4007.00,10,4006.90,7,4008.10,4,4008.20,6,4008.30,7,4008.40,5,4008.60,4,4008.70,4,4008.80,8,4008.90,10,4009.00,11,4009.10,11,Buy,43,39,82,4.00,8.00,-6.00,1.00,60.0,4008.70,4008.70,4007.70,4008.10,46,41,87,5.00,10.00,-18.00,1.60,31.2,0,0,1.0000,1.0000,-246.00,-219.00,4012.25,-0.2028,DOWN,139.45,0.6239,1.8563
20260720 224452 160,4008.20,1,4007.80,4008.10,0.30,4007.80,2,4007.70,2,4007.60,3,4007.50,3,4007.40,5,4007.30,4,4007.20,9,4007.10,11,4007.00,10,4006.90,7,4008.10,4,4008.20,6,4008.30,7,4008.40,5,4008.60,4,4008.70,4,4008.80,8,4008.90,10,4009.00,11,4009.10,11,Buy,44,39,83,5.00,8.00,-6.00,1.00,50.0,4008.70,4008.70,4007.70,4008.20,46,41,87,5.00,10.00,-18.00,1.60,31.2,0,0,1.0000,0.6000,-245.00,-218.00,4012.26,-0.1996,DOWN,139.45,0.6239,1.8563
20260720 224452 160,4008.20,1,4007.80,4008.10,0.30,4007.80,2,4007.70,2,4007.60,3,4007.50,3,4007.40,5,4007.30,4,4007.20,9,4007.10,11,4007.00,10,4006.90,7,4008.10,4,4008.20,6,4008.30,7,4008.40,5,4008.60,4,4008.70,4,4008.80,8,4008.90,10,4009.00,11,4009.10,11,Buy,45,39,84,6.00,8.00,-6.00,1.00,50.0,4008.70,4008.70,4007.70,4008.20,46,41,87,5.00,10.00,-18.00,1.60,31.2,0,0,1.0000,0.3333,-244.00,-217.00,4012.26,-0.1996,DOWN,139.45,0.6239,1.8563
20260720 224452 160,4008.20,1,4007.80,4008.10,0.30,4007.80,2,4007.70,2,4007.60,3,4007.50,3,4007.40,5,4007.30,4,4007.20,9,4007.10,11,4007.00,10,4006.90,7,4008.10,4,4008.20,6,4008.30,7,4008.40,5,4008.60,4,4008.70,4,4008.80,8,4008.90,10,4009.00,11,4009.10,11,Buy,46,39,85,7.00,8.00,-6.00,1.00,50.0,4008.70,4008.70,4007.70,4008.20,46,41,87,5.00,10.00,-18.00,1.60,31.2,0,0,1.0000,0.1429,-243.00,-216.00,4012.26,-0.1996,DOWN,139.45,0.6239,1.8563
20260720 224452 160,4008.20,1,4007.80,4008.10,0.30,4007.80,2,4007.70,2,4007.60,3,4007.50,3,4007.40,5,4007.30,4,4007.20,9,4007.10,11,4007.00,10,4006.90,7,4008.10,4,4008.20,6,4008.30,7,4008.40,5,4008.60,4,4008.70,4,4008.80,8,4008.90,10,4009.00,11,4009.10,11,Buy,47,39,86,8.00,8.00,-6.00,1.00,50.0,4008.70,4008.70,4007.70,4008.20,46,41,87,5.00,10.00,-18.00,1.60,31.2,0,0,1.0000,0.0000,-242.00,-215.00,4012.26,-0.1996,DOWN,139.45,0.6239,1.8563
20260720 224452 160,4008.20,1,4007.80,4008.10,0.30,4007.80,2,4007.70,2,4007.60,3,4007.50,3,4007.40,5,4007.30,4,4007.20,9,4007.10,11,4007.00,10,4006.90,7,4008.10,4,4008.20,6,4008.30,7,4008.40,5,4008.60,4,4008.70,4,4008.80,8,4008.90,10,4009.00,11,4009.10,11,Buy,48,39,87,9.00,9.00,-6.00,1.00,50.0,4008.70,4008.70,4007.70,4008.20,46,41,87,5.00,10.00,-18.00,1.60,31.2,0,0,1.0000,0.0000,-241.00,-214.00,4012.26,-0.1996,DOWN,139.45,0.6239,1.8563
20260720 224452 580,4007.80,1,4007.80,4008.10,0.30,4007.80,1,4007.70,2,4007.60,3,4007.50,3,4007.40,5,4007.30,4,4007.20,9,4007.10,11,4007.00,10,4006.90,7,4008.10,3,4008.20,5,4008.30,7,4008.40,5,4008.60,4,4008.70,4,4008.80,8,4008.90,10,4009.00,11,4009.10,11,Sell,48,40,88,8.00,9.00,-6.00,1.00,90.0,4008.70,4008.70,4007.70,4007.80,46,41,87,5.00,10.00,-18.00,1.60,31.2,0,0,1.0000,0.1250,-242.00,-215.00,4012.22,-0.2123,DOWN,139.45,0.6239,1.8563
20260720 224456 160,4008.10,1,4007.90,4008.10,0.20,4007.90,1,4007.80,2,4007.70,2,4007.60,2,4007.50,2,4007.40,4,4007.30,4,4007.20,8,4007.10,12,4007.00,10,4008.10,1,4008.20,4,4008.30,5,4008.40,5,4008.60,4,4008.70,4,4008.80,7,4008.90,10,4009.00,11,4009.10,11,Buy,49,40,89,9.00,9.00,-6.00,1.00,60.0,4008.70,4008.70,4007.70,4008.10,46,41,87,5.00,10.00,-18.00,1.60,31.2,0,0,1.0000,0.0000,-241.00,-214.00,4012.25,-0.2028,DOWN,139.45,0.6239,1.8563
20260720 224457 094,4008.10,1,4007.90,4008.20,0.30,4007.90,1,4007.80,2,4007.70,2,4007.60,2,4007.50,2,4007.40,4,4007.30,4,4007.20,8,4007.10,13,4007.00,11,4008.20,2,4008.30,5,4008.40,5,4008.60,4,4008.70,4,4008.80,7,4008.90,10,4009.00,11,4009.10,11,4009.20,12,Buy,50,40,90,10.00,10.00,-6.00,1.00,60.0,4008.70,4008.70,4007.70,4008.10,46,41,87,5.00,10.00,-18.00,1.60,31.2,0,0,1.0000,0.0000,-240.00,-213.00,4012.25,-0.2028,DOWN,139.45,0.6239,1.8563
20260720 224457 094,4008.20,1,4007.90,4008.20,0.30,4007.90,1,4007.80,2,4007.70,2,4007.60,2,4007.50,2,4007.40,4,4007.30,4,4007.20,8,4007.10,13,4007.00,11,4008.20,2,4008.30,5,4008.40,5,4008.60,4,4008.70,4,4008.80,7,4008.90,10,4009.00,11,4009.10,11,4009.20,12,Buy,51,40,91,11.00,11.00,-6.00,1.00,50.0,4008.70,4008.70,4007.70,4008.20,46,41,87,5.00,10.00,-18.00,1.60,31.2,0,0,1.0000,0.0000,-239.00,-212.00,4012.26,-0.1996,DOWN,139.45,0.6239,1.8563
20260720 224458 781,4007.90,1,4007.90,4008.20,0.30,4007.80,2,4007.60,2,4007.50,2,4007.40,4,4007.30,3,4007.20,8,4007.10,10,4007.00,11,4006.90,8,4006.80,10,4008.00,1,4008.10,4,4008.20,8,4008.30,5,4008.40,5,4008.60,4,4008.70,3,4008.80,7,4008.90,10,4009.00,11,Sell,51,41,92,10.00,11.00,-6.00,1.00,80.0,4008.70,4008.70,4007.70,4007.90,46,41,87,5.00,10.00,-18.00,1.60,31.2,0,0,1.0000,0.1000,-240.00,-213.00,4012.23,-0.2092,DOWN,139.45,0.6239,1.8563
20260720 224458 781,4007.90,1,4007.90,4008.20,0.30,4007.80,2,4007.60,2,4007.50,2,4007.40,4,4007.30,3,4007.20,8,4007.10,10,4007.00,11,4006.90,8,4006.80,10,4008.00,1,4008.10,4,4008.20,8,4008.30,5,4008.40,5,4008.60,4,4008.70,3,4008.80,7,4008.90,10,4009.00,11,Sell,51,42,93,9.00,11.00,-6.00,1.00,80.0,4008.70,4008.70,4007.70,4007.90,46,41,87,5.00,10.00,-18.00,1.60,31.2,0,0,1.0000,0.2222,-241.00,-214.00,4012.23,-0.2092,DOWN,139.45,0.6239,1.8563
20260720 224458 781,4007.90,1,4007.90,4008.20,0.30,4007.80,2,4007.60,2,4007.50,2,4007.40,4,4007.30,3,4007.20,8,4007.10,10,4007.00,11,4006.90,8,4006.80,10,4008.00,1,4008.10,4,4008.20,8,4008.30,5,4008.40,5,4008.60,4,4008.70,3,4008.80,7,4008.90,10,4009.00,11,Sell,51,43,94,8.00,11.00,-6.00,1.00,80.0,4008.70,4008.70,4007.70,4007.90,46,41,87,5.00,10.00,-18.00,1.60,31.2,0,0,1.0000,0.3750,-242.00,-215.00,4012.23,-0.2092,DOWN,139.45,0.6239,1.8563
20260720 224459 002,4008.00,1,4008.00,4008.20,0.20,4008.00,2,4007.90,3,4007.80,2,4007.60,2,4007.50,2,4007.40,5,4007.30,3,4007.20,8,4007.10,10,4007.00,11,4008.20,4,4008.30,4,4008.40,5,4008.60,4,4008.70,3,4008.80,7,4008.90,10,4009.00,11,4009.10,11,4009.20,12,Buy,52,43,95,9.00,11.00,-6.00,1.00,70.0,4008.70,4008.70,4007.70,4008.00,46,41,87,5.00,10.00,-18.00,1.60,31.2,0,0,1.0000,0.2222,-241.00,-214.00,4012.24,-0.2060,DOWN,139.45,0.6239,1.8563
20260720 224459 622,4008.00,1,4007.80,4008.10,0.30,4007.80,2,4007.60,2,4007.50,2,4007.40,4,4007.30,3,4007.20,8,4007.10,10,4007.00,12,4006.90,8,4006.80,10,4008.10,1,4008.20,4,4008.30,4,4008.40,5,4008.60,4,4008.70,3,4008.80,7,4008.90,10,4009.00,11,4009.10,11,Sell,52,44,96,8.00,11.00,-6.00,1.00,70.0,4008.70,4008.70,4007.70,4008.00,46,41,87,5.00,10.00,-18.00,1.60,31.2,0,0,1.0000,0.3750,-242.00,-215.00,4012.24,-0.2060,DOWN,139.45,0.6239,1.8563
20260720 224500 003,4007.80,1,4007.90,4008.10,0.20,4007.90,1,4007.80,3,4007.70,5,4007.60,6,4007.50,3,4007.40,4,4007.30,3,4007.20,8,4007.10,11,4007.00,11,4008.10,2,4008.20,4,4008.30,4,4008.40,5,4008.60,4,4008.70,3,4008.80,7,4008.90,10,4009.00,11,4009.10,11,Sell,0,1,1,-1.00,-1.00,-1.00,0.00,0.0,4007.80,4007.80,4007.80,4007.80,52,44,96,8.00,11.00,-6.00,1.00,70.0,12,165,0.3750,0.0000,-233.00,-228.00,4011.82,-0.2721,DOWN,139.35,0.6889,1.7380
20260720 224500 003,4007.80,1,4007.90,4008.10,0.20,4007.90,1,4007.80,3,4007.70,5,4007.60,6,4007.50,3,4007.40,4,4007.30,3,4007.20,8,4007.10,11,4007.00,11,4008.10,2,4008.20,4,4008.30,4,4008.40,5,4008.60,4,4008.70,3,4008.80,7,4008.90,10,4009.00,11,4009.10,11,Sell,0,2,2,-2.00,-1.00,-2.00,0.00,0.0,4007.80,4007.80,4007.80,4007.80,52,44,96,8.00,11.00,-6.00,1.00,70.0,12,165,0.3750,0.0000,-234.00,-229.00,4011.82,-0.2721,DOWN,139.35,0.6889,1.7380
20260720 224500 003,4007.60,1,4007.90,4008.10,0.20,4007.90,1,4007.80,3,4007.70,5,4007.60,6,4007.50,3,4007.40,4,4007.30,3,4007.20,8,4007.10,11,4007.00,11,4008.10,2,4008.20,4,4008.30,4,4008.40,5,4008.60,4,4008.70,3,4008.80,7,4008.90,10,4009.00,11,4009.10,11,Sell,0,3,3,-3.00,-1.00,-3.00,0.20,100.0,4007.80,4007.80,4007.60,4007.60,52,44,96,8.00,11.00,-6.00,1.00,70.0,12,165,0.3750,0.0000,-235.00,-230.00,4011.80,-0.2784,DOWN,139.35,0.6889,1.7523
20260720 224500 003,4007.60,1,4007.90,4008.10,0.20,4007.90,1,4007.80,3,4007.70,5,4007.60,6,4007.50,3,4007.40,4,4007.30,3,4007.20,8,4007.10,11,4007.00,11,4008.10,2,4008.20,4,4008.30,4,4008.40,5,4008.60,4,4008.70,3,4008.80,7,4008.90,10,4009.00,11,4009.10,11,Sell,0,4,4,-4.00,-1.00,-4.00,0.20,100.0,4007.80,4007.80,4007.60,4007.60,52,44,96,8.00,11.00,-6.00,1.00,70.0,12,165,0.3750,0.0000,-236.00,-231.00,4011.80,-0.2784,DOWN,139.35,0.6889,1.7523
20260720 224500 003,4007.50,1,4007.90,4008.10,0.20,4007.90,1,4007.80,3,4007.70,5,4007.60,6,4007.50,3,4007.40,4,4007.30,3,4007.20,8,4007.10,11,4007.00,11,4008.10,2,4008.20,4,4008.30,4,4008.40,5,4008.60,4,4008.70,3,4008.80,7,4008.90,10,4009.00,11,4009.10,11,Sell,0,5,5,-5.00,-1.00,-5.00,0.30,100.0,4007.80,4007.80,4007.50,4007.50,52,44,96,8.00,11.00,-6.00,1.00,70.0,12,165,0.3750,0.0000,-237.00,-232.00,4011.79,-0.2816,DOWN,139.35,0.6889,1.7594
20260720 224500 290,4008.10,1,4007.90,4008.10,0.20,4007.90,2,4007.80,3,4007.70,4,4007.60,5,4007.50,2,4007.40,4,4007.30,4,4007.20,8,4007.10,10,4007.00,11,4008.10,1,4008.20,1,4008.30,2,4008.40,4,4008.60,4,4008.70,3,4008.80,7,4008.90,10,4009.00,11,4009.10,11,Buy,1,5,6,-4.00,-1.00,-5.00,0.60,50.0,4007.80,4008.10,4007.50,4008.10,52,44,96,8.00,11.00,-6.00,1.00,70.0,12,165,0.3750,0.2500,-236.00,-231.00,4011.85,-0.2626,DOWN,139.35,0.6889,1.7666
20260720 224500 290,4008.10,1,4007.90,4008.10,0.20,4007.90,2,4007.80,3,4007.70,4,4007.60,5,4007.50,2,4007.40,4,4007.30,4,4007.20,8,4007.10,10,4007.00,11,4008.10,1,4008.20,1,4008.30,2,4008.40,4,4008.60,4,4008.70,3,4008.80,7,4008.90,10,4009.00,11,4009.10,11,Buy,2,5,7,-3.00,-1.00,-5.00,0.60,50.0,4007.80,4008.10,4007.50,4008.10,52,44,96,8.00,11.00,-6.00,1.00,70.0,12,165,0.3750,0.6667,-235.00,-230.00,4011.85,-0.2626,DOWN,139.35,0.6889,1.7666
20260720 224501 320,4008.10,1,4008.00,4008.30,0.30,4008.00,2,4007.90,2,4007.80,3,4007.70,4,4007.60,5,4007.50,3,4007.40,4,4007.30,3,4007.20,8,4007.10,10,4008.30,3,4008.40,4,4008.50,2,4008.60,4,4008.70,3,4008.80,7,4008.90,10,4009.00,11,4009.10,11,4009.20,12,Buy,3,5,8,-2.00,-1.00,-5.00,0.60,50.0,4007.80,4008.10,4007.50,4008.10,52,44,96,8.00,11.00,-6.00,1.00,70.0,12,165,0.3750,1.5000,-234.00,-229.00,4011.85,-0.2626,DOWN,139.35,0.6889,1.7666
20260720 224501 320,4008.20,1,4008.00,4008.30,0.30,4008.00,2,4007.90,2,4007.80,3,4007.70,4,4007.60,5,4007.50,3,4007.40,4,4007.30,3,4007.20,8,4007.10,10,4008.30,3,4008.40,4,4008.50,2,4008.60,4,4008.70,3,4008.80,7,4008.90,10,4009.00,11,4009.10,11,4009.20,12,Buy,4,5,9,-1.00,-1.00,-5.00,0.70,57.1,4007.80,4008.20,4007.50,4008.20,52,44,96,8.00,11.00,-6.00,1.00,70.0,12,165,0.3750,4.0000,-233.00,-228.00,4011.86,-0.2594,DOWN,139.35,0.6889,1.7737
20260720 224501 383,4008.30,1,4008.00,4008.30,0.30,4008.10,3,4008.00,5,4007.90,2,4007.80,3,4007.70,4,4007.60,6,4007.50,2,4007.40,4,4007.30,8,4007.20,8,4008.40,3,4008.50,4,4008.60,2,4008.70,2,4008.80,7,4008.90,2,4009.00,3,4009.10,3,4009.20,12,4009.30,11,Buy,5,5,10,0.00,0.00,-5.00,0.80,62.5,4007.80,4008.30,4007.50,4008.30,52,44,96,8.00,11.00,-6.00,1.00,70.0,12,165,0.3750,0.0000,-232.00,-227.00,4011.87,-0.2562,DOWN,139.35,0.6889,1.7808
20260720 224501 383,4008.30,1,4008.00,4008.30,0.30,4008.10,3,4008.00,5,4007.90,2,4007.80,3,4007.70,4,4007.60,6,4007.50,2,4007.40,4,4007.30,8,4007.20,8,4008.40,3,4008.50,4,4008.60,2,4008.70,2,4008.80,7,4008.90,2,4009.00,3,4009.10,3,4009.20,12,4009.30,11,Buy,6,5,11,1.00,1.00,-5.00,0.80,62.5,4007.80,4008.30,4007.50,4008.30,52,44,96,8.00,11.00,-6.00,1.00,70.0,12,165,0.3750,0.0000,-231.00,-226.00,4011.87,-0.2562,DOWN,139.35,0.6889,1.7808
20260720 224501 383,4008.30,1,4008.00,4008.30,0.30,4008.10,3,4008.00,5,4007.90,2,4007.80,3,4007.70,4,4007.60,6,4007.50,2,4007.40,4,4007.30,8,4007.20,8,4008.40,3,4008.50,4,4008.60,2,4008.70,2,4008.80,7,4008.90,2,4009.00,3,4009.10,3,4009.20,12,4009.30,11,Buy,7,5,12,2.00,2.00,-5.00,0.80,62.5,4007.80,4008.30,4007.50,4008.30,52,44,96,8.00,11.00,-6.00,1.00,70.0,12,165,0.3750,0.0000,-230.00,-225.00,4011.87,-0.2562,DOWN,139.35,0.6889,1.7808
20260720 224501 528,4008.40,1,4008.70,4008.90,0.20,4008.70,1,4008.60,2,4008.50,2,4008.40,5,4008.30,4,4008.20,3,4008.10,4,4008.00,3,4007.90,1,4007.80,2,4008.90,3,4009.00,3,4009.10,2,4009.20,4,4009.30,3,4009.40,13,4009.50,12,4009.60,10,4009.70,14,4009.80,9,Buy,8,5,13,3.00,3.00,-5.00,0.90,66.7,4007.80,4008.40,4007.50,4008.40,52,44,96,8.00,11.00,-6.00,1.00,70.0,12,165,0.3750,0.0000,-229.00,-224.00,4011.88,-0.2530,DOWN,139.35,0.6889,1.7880
20260720 224501 528,4008.40,1,4008.70,4008.90,0.20,4008.70,1,4008.60,2,4008.50,2,4008.40,5,4008.30,4,4008.20,3,4008.10,4,4008.00,3,4007.90,1,4007.80,2,4008.90,3,4009.00,3,4009.10,2,4009.20,4,4009.30,3,4009.40,13,4009.50,12,4009.60,10,4009.70,14,4009.80,9,Buy,9,5,14,4.00,4.00,-5.00,0.90,66.7,4007.80,4008.40,4007.50,4008.40,52,44,96,8.00,11.00,-6.00,1.00,70.0,12,165,0.3750,0.0000,-228.00,-223.00,4011.88,-0.2530,DOWN,139.35,0.6889,1.7880
20260720 224501 528,4008.40,1,4008.70,4008.90,0.20,4008.70,1,4008.60,2,4008.50,2,4008.40,5,4008.30,4,4008.20,3,4008.10,4,4008.00,3,4007.90,1,4007.80,2,4008.90,3,4009.00,3,4009.10,2,4009.20,4,4009.30,3,4009.40,13,4009.50,12,4009.60,10,4009.70,14,4009.80,9,Buy,10,5,15,5.00,5.00,-5.00,0.90,66.7,4007.80,4008.40,4007.50,4008.40,52,44,96,8.00,11.00,-6.00,1.00,70.0,12,165,0.3750,0.0000,-227.00,-222.00,4011.88,-0.2530,DOWN,139.35,0.6889,1.7880
20260720 224501 529,4008.40,1,4008.70,4008.90,0.20,4008.70,1,4008.60,2,4008.50,2,4008.40,5,4008.30,4,4008.20,3,4008.10,4,4008.00,3,4007.90,1,4007.80,2,4008.90,3,4009.00,3,4009.10,2,4009.20,4,4009.30,3,4009.40,13,4009.50,12,4009.60,10,4009.70,14,4009.80,9,Sell,10,6,16,4.00,5.00,-5.00,0.90,66.7,4007.80,4008.40,4007.50,4008.40,52,44,96,8.00,11.00,-6.00,1.00,70.0,12,165,0.3750,0.2500,-228.00,-223.00,4011.88,-0.2530,DOWN,139.35,0.6889,1.7880
20260720 224501 529,4008.50,1,4008.70,4008.90,0.20,4008.70,1,4008.60,2,4008.50,2,4008.40,5,4008.30,4,4008.20,3,4008.10,4,4008.00,3,4007.90,1,4007.80,2,4008.90,3,4009.00,3,4009.10,2,4009.20,4,4009.30,3,4009.40,13,4009.50,12,4009.60,10,4009.70,14,4009.80,9,Buy,11,6,17,5.00,5.00,-5.00,1.00,70.0,4007.80,4008.50,4007.50,4008.50,52,44,96,8.00,11.00,-6.00,1.00,70.0,12,165,0.3750,0.0000,-227.00,-222.00,4011.89,-0.2499,DOWN,139.35,0.6889,1.7951
20260720 224501 529,4008.50,1,4008.70,4008.90,0.20,4008.70,1,4008.60,2,4008.50,2,4008.40,5,4008.30,4,4008.20,3,4008.10,4,4008.00,3,4007.90,1,4007.80,2,4008.90,3,4009.00,3,4009.10,2,4009.20,4,4009.30,3,4009.40,13,4009.50,12,4009.60,10,4009.70,14,4009.80,9,Buy,12,6,18,6.00,6.00,-5.00,1.00,70.0,4007.80,4008.50,4007.50,4008.50,52,44,96,8.00,11.00,-6.00,1.00,70.0,12,165,0.3750,0.0000,-226.00,-221.00,4011.89,-0.2499,DOWN,139.35,0.6889,1.7951
20260720 224501 529,4008.60,1,4008.70,4008.90,0.20,4008.70,1,4008.60,2,4008.50,2,4008.40,5,4008.30,4,4008.20,3,4008.10,4,4008.00,3,4007.90,1,4007.80,2,4008.90,3,4009.00,3,4009.10,2,4009.20,4,4009.30,3,4009.40,13,4009.50,12,4009.60,10,4009.70,14,4009.80,9,Buy,13,6,19,7.00,7.00,-5.00,1.10,72.7,4007.80,4008.60,4007.50,4008.60,52,44,96,8.00,11.00,-6.00,1.00,70.0,12,165,0.3750,0.0000,-225.00,-220.00,4011.90,-0.2467,DOWN,139.35,0.6889,1.8023
20260720 224501 529,4008.60,1,4008.70,4008.90,0.20,4008.70,1,4008.60,2,4008.50,2,4008.40,5,4008.30,4,4008.20,3,4008.10,4,4008.00,3,4007.90,1,4007.80,2,4008.90,3,4009.00,3,4009.10,2,4009.20,4,4009.30,3,4009.40,13,4009.50,12,4009.60,10,4009.70,14,4009.80,9,Buy,14,6,20,8.00,8.00,-5.00,1.10,72.7,4007.80,4008.60,4007.50,4008.60,52,44,96,8.00,11.00,-6.00,1.00,70.0,12,165,0.3750,0.0000,-224.00,-219.00,4011.90,-0.2467,DOWN,139.35,0.6889,1.8023
20260720 224501 530,4008.70,1,4008.70,4008.90,0.20,4008.70,1,4008.60,2,4008.50,2,4008.40,5,4008.30,4,4008.20,3,4008.10,4,4008.00,3,4007.90,1,4007.80,2,4008.90,3,4009.00,3,4009.10,2,4009.20,4,4009.30,3,4009.40,13,4009.50,12,4009.60,10,4009.70,14,4009.80,9,Buy,15,6,21,9.00,9.00,-5.00,1.20,75.0,4007.80,4008.70,4007.50,4008.70,52,44,96,8.00,11.00,-6.00,1.00,70.0,12,165,0.3750,0.0000,-223.00,-218.00,4011.91,-0.2435,DOWN,139.35,0.6889,1.8094
20260720 224501 530,4008.40,1,4008.70,4008.90,0.20,4008.70,1,4008.60,2,4008.50,2,4008.40,5,4008.30,4,4008.20,3,4008.10,4,4008.00,3,4007.90,1,4007.80,2,4008.90,3,4009.00,3,4009.10,2,4009.20,4,4009.30,3,4009.40,13,4009.50,12,4009.60,10,4009.70,14,4009.80,9,Sell,15,7,22,8.00,9.00,-5.00,1.20,50.0,4007.80,4008.70,4007.50,4008.40,52,44,96,8.00,11.00,-6.00,1.00,70.0,12,165,0.3750,0.1250,-224.00,-219.00,4011.88,-0.2530,DOWN,139.35,0.6889,1.8094
20260720 224501 530,4008.70,1,4008.70,4008.90,0.20,4008.70,1,4008.60,2,4008.50,2,4008.40,5,4008.30,4,4008.20,3,4008.10,4,4008.00,3,4007.90,1,4007.80,2,4008.90,3,4009.00,3,4009.10,2,4009.20,4,4009.30,3,4009.40,13,4009.50,12,4009.60,10,4009.70,14,4009.80,9,Buy,16,7,23,9.00,9.00,-5.00,1.20,75.0,4007.80,4008.70,4007.50,4008.70,52,44,96,8.00,11.00,-6.00,1.00,70.0,12,165,0.3750,0.0000,-223.00,-218.00,4011.91,-0.2435,DOWN,139.35,0.6889,1.8094
20260720 224501 531,4008.60,1,4008.70,4008.90,0.20,4008.70,1,4008.60,2,4008.50,2,4008.40,5,4008.30,4,4008.20,3,4008.10,4,4008.00,3,4007.90,1,4007.80,2,4008.90,3,4009.00,3,4009.10,2,4009.20,4,4009.30,3,4009.40,13,4009.50,12,4009.60,10,4009.70,14,4009.80,9,Buy,17,7,24,10.00,10.00,-5.00,1.20,66.7,4007.80,4008.70,4007.50,4008.60,52,44,96,8.00,11.00,-6.00,1.00,70.0,12,165,0.3750,0.0000,-222.00,-217.00,4011.90,-0.2467,DOWN,139.35,0.6889,1.8094
20260720 224501 533,4008.60,1,4008.70,4008.90,0.20,4008.70,1,4008.60,2,4008.50,2,4008.40,5,4008.30,4,4008.20,3,4008.10,4,4008.00,3,4007.90,1,4007.80,2,4008.90,3,4009.00,3,4009.10,2,4009.20,4,4009.30,3,4009.40,13,4009.50,12,4009.60,10,4009.70,14,4009.80,9,Buy,18,7,25,11.00,11.00,-5.00,1.20,66.7,4007.80,4008.70,4007.50,4008.60,52,44,96,8.00,11.00,-6.00,1.00,70.0,12,165,0.3750,0.0000,-221.00,-216.00,4011.90,-0.2467,DOWN,139.35,0.6889,1.8094
20260720 224501 539,4008.60,1,4008.70,4008.90,0.20,4008.70,1,4008.60,2,4008.50,2,4008.40,5,4008.30,4,4008.20,3,4008.10,4,4008.00,3,4007.90,1,4007.80,2,4008.90,3,4009.00,3,4009.10,2,4009.20,4,4009.30,3,4009.40,13,4009.50,12,4009.60,10,4009.70,14,4009.80,9,Sell,18,8,26,10.00,11.00,-5.00,1.20,66.7,4007.80,4008.70,4007.50,4008.60,52,44,96,8.00,11.00,-6.00,1.00,70.0,12,165,0.3750,0.1000,-222.00,-217.00,4011.90,-0.2467,DOWN,139.35,0.6889,1.8094
20260720 224501 540,4008.70,1,4008.70,4008.90,0.20,4008.70,1,4008.60,2,4008.50,2,4008.40,5,4008.30,4,4008.20,3,4008.10,4,4008.00,3,4007.90,1,4007.80,2,4008.90,3,4009.00,3,4009.10,2,4009.20,4,4009.30,3,4009.40,13,4009.50,12,4009.60,10,4009.70,14,4009.80,9,Buy,19,8,27,11.00,11.00,-5.00,1.20,75.0,4007.80,4008.70,4007.50,4008.70,52,44,96,8.00,11.00,-6.00,1.00,70.0,12,165,0.3750,0.0000,-221.00,-216.00,4011.91,-0.2435,DOWN,139.35,0.6889,1.8094
20260720 224501 540,4008.80,1,4008.70,4008.90,0.20,4008.70,1,4008.60,2,4008.50,2,4008.40,5,4008.30,4,4008.20,3,4008.10,4,4008.00,3,4007.90,1,4007.80,2,4008.90,3,4009.00,3,4009.10,2,4009.20,4,4009.30,3,4009.40,13,4009.50,12,4009.60,10,4009.70,14,4009.80,9,Buy,20,8,28,12.00,12.00,-5.00,1.30,76.9,4007.80,4008.80,4007.50,4008.80,52,44,96,8.00,11.00,-6.00,1.00,70.0,12,165,0.3750,0.0000,-220.00,-215.00,4011.92,-0.2403,DOWN,139.35,0.6889,1.8166
20260720 224501 540,4008.80,1,4008.70,4008.90,0.20,4008.70,1,4008.60,2,4008.50,2,4008.40,5,4008.30,4,4008.20,3,4008.10,4,4008.00,3,4007.90,1,4007.80,2,4008.90,3,4009.00,3,4009.10,2,4009.20,4,4009.30,3,4009.40,13,4009.50,12,4009.60,10,4009.70,14,4009.80,9,Buy,21,8,29,13.00,13.00,-5.00,1.30,76.9,4007.80,4008.80,4007.50,4008.80,52,44,96,8.00,11.00,-6.00,1.00,70.0,12,165,0.3750,0.0000,-219.00,-214.00,4011.92,-0.2403,DOWN,139.35,0.6889,1.8166
20260720 224501 540,4008.80,1,4008.70,4008.90,0.20,4008.70,1,4008.60,2,4008.50,2,4008.40,5,4008.30,4,4008.20,3,4008.10,4,4008.00,3,4007.90,1,4007.80,2,4008.90,3,4009.00,3,4009.10,2,4009.20,4,4009.30,3,4009.40,13,4009.50,12,4009.60,10,4009.70,14,4009.80,9,Buy,22,8,30,14.00,14.00,-5.00,1.30,76.9,4007.80,4008.80,4007.50,4008.80,52,44,96,8.00,11.00,-6.00,1.00,70.0,12,165,0.3750,0.0000,-218.00,-213.00,4011.92,-0.2403,DOWN,139.35,0.6889,1.8166
20260720 224501 540,4008.90,1,4008.70,4008.90,0.20,4008.70,1,4008.60,2,4008.50,2,4008.40,5,4008.30,4,4008.20,3,4008.10,4,4008.00,3,4007.90,1,4007.80,2,4008.90,3,4009.00,3,4009.10,2,4009.20,4,4009.30,3,4009.40,13,4009.50,12,4009.60,10,4009.70,14,4009.80,9,Buy,23,8,31,15.00,15.00,-5.00,1.40,78.6,4007.80,4008.90,4007.50,4008.90,52,44,96,8.00,11.00,-6.00,1.00,70.0,12,165,0.3750,0.0000,-217.00,-212.00,4011.93,-0.2372,DOWN,139.35,0.6889,1.8237
20260720 224501 540,4008.90,1,4008.70,4008.90,0.20,4008.70,1,4008.60,2,4008.50,2,4008.40,5,4008.30,4,4008.20,3,4008.10,4,4008.00,3,4007.90,1,4007.80,2,4008.90,3,4009.00,3,4009.10,2,4009.20,4,4009.30,3,4009.40,13,4009.50,12,4009.60,10,4009.70,14,4009.80,9,Buy,24,8,32,16.00,16.00,-5.00,1.40,78.6,4007.80,4008.90,4007.50,4008.90,52,44,96,8.00,11.00,-6.00,1.00,70.0,12,165,0.3750,0.0000,-216.00,-211.00,4011.93,-0.2372,DOWN,139.35,0.6889,1.8237
20260720 224501 636,4008.90,1,4009.10,4009.30,0.20,4009.10,1,4009.00,3,4008.90,2,4008.80,4,4008.70,2,4008.60,2,4008.50,1,4008.40,4,4008.30,7,4008.20,7,4009.30,2,4009.40,3,4009.50,4,4009.60,5,4009.70,9,4009.80,4,4009.90,7,4010.00,29,4010.10,6,4010.20,10,Buy,25,8,33,17.00,17.00,-5.00,1.40,78.6,4007.80,4008.90,4007.50,4008.90,52,44,96,8.00,11.00,-6.00,1.00,70.0,12,165,0.3750,0.0000,-215.00,-210.00,4011.93,-0.2372,DOWN,139.35,0.6889,1.8237
20260720 224501 636,4008.90,1,4009.10,4009.30,0.20,4009.10,1,4009.00,3,4008.90,2,4008.80,4,4008.70,2,4008.60,2,4008.50,1,4008.40,4,4008.30,7,4008.20,7,4009.30,2,4009.40,3,4009.50,4,4009.60,5,4009.70,9,4009.80,4,4009.90,7,4010.00,29,4010.10,6,4010.20,10,Buy,26,8,34,18.00,18.00,-5.00,1.40,78.6,4007.80,4008.90,4007.50,4008.90,52,44,96,8.00,11.00,-6.00,1.00,70.0,12,165,0.3750,0.0000,-214.00,-209.00,4011.93,-0.2372,DOWN,139.35,0.6889,1.8237
20260720 224501 639,4008.90,1,4009.10,4009.30,0.20,4009.10,1,4009.00,3,4008.90,2,4008.80,4,4008.70,2,4008.60,2,4008.50,1,4008.40,4,4008.30,7,4008.20,7,4009.30,2,4009.40,3,4009.50,4,4009.60,5,4009.70,9,4009.80,4,4009.90,7,4010.00,29,4010.10,6,4010.20,10,Sell,26,9,35,17.00,18.00,-5.00,1.40,78.6,4007.80,4008.90,4007.50,4008.90,52,44,96,8.00,11.00,-6.00,1.00,70.0,12,165,0.3750,0.0588,-215.00,-210.00,4011.93,-0.2372,DOWN,139.35,0.6889,1.8237
20260720 224501 647,4009.00,1,4009.10,4009.30,0.20,4009.10,1,4009.00,3,4008.90,2,4008.80,4,4008.70,2,4008.60,2,4008.50,1,4008.40,4,4008.30,7,4008.20,7,4009.30,2,4009.40,3,4009.50,4,4009.60,5,4009.70,9,4009.80,4,4009.90,7,4010.00,29,4010.10,6,4010.20,10,Buy,27,9,36,18.00,18.00,-5.00,1.50,80.0,4007.80,4009.00,4007.50,4009.00,52,44,96,8.00,11.00,-6.00,1.00,70.0,12,165,0.3750,0.0000,-214.00,-209.00,4011.93,-0.2340,DOWN,139.35,0.6889,1.8308
20260720 224501 647,4009.00,1,4009.10,4009.30,0.20,4009.10,1,4009.00,3,4008.90,2,4008.80,4,4008.70,2,4008.60,2,4008.50,1,4008.40,4,4008.30,7,4008.20,7,4009.30,2,4009.40,3,4009.50,4,4009.60,5,4009.70,9,4009.80,4,4009.90,7,4010.00,29,4010.10,6,4010.20,10,Buy,28,9,37,19.00,19.00,-5.00,1.50,80.0,4007.80,4009.00,4007.50,4009.00,52,44,96,8.00,11.00,-6.00,1.00,70.0,12,165,0.3750,0.0000,-213.00,-208.00,4011.93,-0.2340,DOWN,139.35,0.6889,1.8308
20260720 224501 648,4009.10,1,4009.10,4009.30,0.20,4009.10,1,4009.00,3,4008.90,2,4008.80,4,4008.70,2,4008.60,2,4008.50,1,4008.40,4,4008.30,7,4008.20,7,4009.30,2,4009.40,3,4009.50,4,4009.60,5,4009.70,9,4009.80,4,4009.90,7,4010.00,29,4010.10,6,4010.20,10,Buy,29,9,38,20.00,20.00,-5.00,1.60,81.2,4007.80,4009.10,4007.50,4009.10,52,44,96,8.00,11.00,-6.00,1.00,70.0,12,165,0.3750,0.0000,-212.00,-207.00,4011.94,-0.2308,DOWN,139.35,0.6889,1.8380
20260720 224501 648,4009.10,1,4009.10,4009.30,0.20,4009.10,1,4009.00,3,4008.90,2,4008.80,4,4008.70,2,4008.60,2,4008.50,1,4008.40,4,4008.30,7,4008.20,7,4009.30,2,4009.40,3,4009.50,4,4009.60,5,4009.70,9,4009.80,4,4009.90,7,4010.00,29,4010.10,6,4010.20,10,Buy,30,9,39,21.00,21.00,-5.00,1.60,81.2,4007.80,4009.10,4007.50,4009.10,52,44,96,8.00,11.00,-6.00,1.00,70.0,12,165,0.3750,0.0000,-211.00,-206.00,4011.94,-0.2308,DOWN,139.35,0.6889,1.8380
20260720 224501 650,4009.20,1,4009.10,4009.30,0.20,4009.10,1,4009.00,3,4008.90,2,4008.80,4,4008.70,2,4008.60,2,4008.50,1,4008.40,4,4008.30,7,4008.20,7,4009.30,2,4009.40,3,4009.50,4,4009.60,5,4009.70,9,4009.80,4,4009.90,7,4010.00,29,4010.10,6,4010.20,10,Sell,30,10,40,20.00,21.00,-5.00,1.70,82.4,4007.80,4009.20,4007.50,4009.20,52,44,96,8.00,11.00,-6.00,1.00,70.0,12,165,0.3750,0.0500,-212.00,-207.00,4011.95,-0.2276,DOWN,139.35,0.6889,1.8451
20260720 224501 737,4009.30,1,4009.30,4009.50,0.20,4009.30,2,4009.20,3,4009.10,3,4009.00,3,4008.90,2,4008.80,3,4008.70,2,4008.60,2,4008.50,1,4008.40,4,4009.60,3,4009.70,8,4009.80,4,4010.00,30,4010.10,6,4010.20,10,4010.30,7,4010.40,8,4010.50,8,4010.60,8,Buy,31,10,41,21.00,21.00,-5.00,1.80,83.3,4007.80,4009.30,4007.50,4009.30,52,44,96,8.00,11.00,-6.00,1.00,70.0,12,165,0.3750,0.0000,-211.00,-206.00,4011.96,-0.2245,DOWN,139.35,0.6889,1.8523
20260720 224501 737,4009.30,1,4009.30,4009.50,0.20,4009.30,2,4009.20,3,4009.10,3,4009.00,3,4008.90,2,4008.80,3,4008.70,2,4008.60,2,4008.50,1,4008.40,4,4009.60,3,4009.70,8,4009.80,4,4010.00,30,4010.10,6,4010.20,10,4010.30,7,4010.40,8,4010.50,8,4010.60,8,Buy,32,10,42,22.00,22.00,-5.00,1.80,83.3,4007.80,4009.30,4007.50,4009.30,52,44,96,8.00,11.00,-6.00,1.00,70.0,12,165,0.3750,0.0000,-210.00,-205.00,4011.96,-0.2245,DOWN,139.35,0.6889,1.8523
20260720 224501 737,4009.40,1,4009.30,4009.50,0.20,4009.30,2,4009.20,3,4009.10,3,4009.00,3,4008.90,2,4008.80,3,4008.70,2,4008.60,2,4008.50,1,4008.40,4,4009.60,3,4009.70,8,4009.80,4,4010.00,30,4010.10,6,4010.20,10,4010.30,7,4010.40,8,4010.50,8,4010.60,8,Buy,33,10,43,23.00,23.00,-5.00,1.90,84.2,4007.80,4009.40,4007.50,4009.40,52,44,96,8.00,11.00,-6.00,1.00,70.0,12,165,0.3750,0.0000,-209.00,-204.00,4011.97,-0.2213,DOWN,139.35,0.6889,1.8594
20260720 224501 737,4009.40,1,4009.30,4009.50,0.20,4009.30,2,4009.20,3,4009.10,3,4009.00,3,4008.90,2,4008.80,3,4008.70,2,4008.60,2,4008.50,1,4008.40,4,4009.60,3,4009.70,8,4009.80,4,4010.00,30,4010.10,6,4010.20,10,4010.30,7,4010.40,8,4010.50,8,4010.60,8,Buy,34,10,44,24.00,24.00,-5.00,1.90,84.2,4007.80,4009.40,4007.50,4009.40,52,44,96,8.00,11.00,-6.00,1.00,70.0,12,165,0.3750,0.0000,-208.00,-203.00,4011.97,-0.2213,DOWN,139.35,0.6889,1.8594
20260720 224501 737,4009.40,1,4009.30,4009.50,0.20,4009.30,2,4009.20,3,4009.10,3,4009.00,3,4008.90,2,4008.80,3,4008.70,2,4008.60,2,4008.50,1,4008.40,4,4009.60,3,4009.70,8,4009.80,4,4010.00,30,4010.10,6,4010.20,10,4010.30,7,4010.40,8,4010.50,8,4010.60,8,Buy,35,10,45,25.00,25.00,-5.00,1.90,84.2,4007.80,4009.40,4007.50,4009.40,52,44,96,8.00,11.00,-6.00,1.00,70.0,12,165,0.3750,0.0000,-207.00,-202.00,4011.97,-0.2213,DOWN,139.35,0.6889,1.8594
20260720 224501 766,4009.40,1,4009.30,4009.50,0.20,4009.30,2,4009.20,3,4009.10,3,4009.00,3,4008.90,2,4008.80,3,4008.70,2,4008.60,2,4008.50,1,4008.40,4,4009.60,3,4009.70,8,4009.80,4,4010.00,30,4010.10,6,4010.20,10,4010.30,7,4010.40,8,4010.50,8,4010.60,8,Buy,36,10,46,26.00,26.00,-5.00,1.90,84.2,4007.80,4009.40,4007.50,4009.40,52,44,96,8.00,11.00,-6.00,1.00,70.0,12,165,0.3750,0.0000,-206.00,-201.00,4011.97,-0.2213,DOWN,139.35,0.6889,1.8594
20260720 224501 766,4009.40,1,4009.30,4009.50,0.20,4009.30,2,4009.20,3,4009.10,3,4009.00,3,4008.90,2,4008.80,3,4008.70,2,4008.60,2,4008.50,1,4008.40,4,4009.60,3,4009.70,8,4009.80,4,4010.00,30,4010.10,6,4010.20,10,4010.30,7,4010.40,8,4010.50,8,4010.60,8,Buy,37,10,47,27.00,27.00,-5.00,1.90,84.2,4007.80,4009.40,4007.50,4009.40,52,44,96,8.00,11.00,-6.00,1.00,70.0,12,165,0.3750,0.0000,-205.00,-200.00,4011.97,-0.2213,DOWN,139.35,0.6889,1.8594
20260720 224501 766,4009.40,1,4009.30,4009.50,0.20,4009.30,2,4009.20,3,4009.10,3,4009.00,3,4008.90,2,4008.80,3,4008.70,2,4008.60,2,4008.50,1,4008.40,4,4009.60,3,4009.70,8,4009.80,4,4010.00,30,4010.10,6,4010.20,10,4010.30,7,4010.40,8,4010.50,8,4010.60,8,Buy,38,10,48,28.00,28.00,-5.00,1.90,84.2,4007.80,4009.40,4007.50,4009.40,52,44,96,8.00,11.00,-6.00,1.00,70.0,12,165,0.3750,0.0000,-204.00,-199.00,4011.97,-0.2213,DOWN,139.35,0.6889,1.8594
20260720 224501 766,4009.40,1,4009.30,4009.50,0.20,4009.30,2,4009.20,3,4009.10,3,4009.00,3,4008.90,2,4008.80,3,4008.70,2,4008.60,2,4008.50,1,4008.40,4,4009.60,3,4009.70,8,4009.80,4,4010.00,30,4010.10,6,4010.20,10,4010.30,7,4010.40,8,4010.50,8,4010.60,8,Buy,39,10,49,29.00,29.00,-5.00,1.90,84.2,4007.80,4009.40,4007.50,4009.40,52,44,96,8.00,11.00,-6.00,1.00,70.0,12,165,0.3750,0.0000,-203.00,-198.00,4011.97,-0.2213,DOWN,139.35,0.6889,1.8594
20260720 224501 766,4009.50,1,4009.30,4009.50,0.20,4009.30,2,4009.20,3,4009.10,3,4009.00,3,4008.90,2,4008.80,3,4008.70,2,4008.60,2,4008.50,1,4008.40,4,4009.60,3,4009.70,8,4009.80,4,4010.00,30,4010.10,6,4010.20,10,4010.30,7,4010.40,8,4010.50,8,4010.60,8,Buy,40,10,50,30.00,30.00,-5.00,2.00,85.0,4007.80,4009.50,4007.50,4009.50,52,44,96,8.00,11.00,-6.00,1.00,70.0,12,165,0.3750,0.0000,-202.00,-197.00,4011.98,-0.2181,DOWN,139.35,0.6889,1.8666
20260720 224501 766,4009.50,1,4009.30,4009.50,0.20,4009.30,2,4009.20,3,4009.10,3,4009.00,3,4008.90,2,4008.80,3,4008.70,2,4008.60,2,4008.50,1,4008.40,4,4009.60,3,4009.70,8,4009.80,4,4010.00,30,4010.10,6,4010.20,10,4010.30,7,4010.40,8,4010.50,8,4010.60,8,Buy,41,10,51,31.00,31.00,-5.00,2.00,85.0,4007.80,4009.50,4007.50,4009.50,52,44,96,8.00,11.00,-6.00,1.00,70.0,12,165,0.3750,0.0000,-201.00,-196.00,4011.98,-0.2181,DOWN,139.35,0.6889,1.8666
20260720 224501 766,4009.50,1,4009.30,4009.50,0.20,4009.30,2,4009.20,3,4009.10,3,4009.00,3,4008.90,2,4008.80,3,4008.70,2,4008.60,2,4008.50,1,4008.40,4,4009.60,3,4009.70,8,4009.80,4,4010.00,30,4010.10,6,4010.20,10,4010.30,7,4010.40,8,4010.50,8,4010.60,8,Buy,42,10,52,32.00,32.00,-5.00,2.00,85.0,4007.80,4009.50,4007.50,4009.50,52,44,96,8.00,11.00,-6.00,1.00,70.0,12,165,0.3750,0.0000,-200.00,-195.00,4011.98,-0.2181,DOWN,139.35,0.6889,1.8666
20260720 224501 766,4009.50,1,4009.30,4009.50,0.20,4009.30,2,4009.20,3,4009.10,3,4009.00,3,4008.90,2,4008.80,3,4008.70,2,4008.60,2,4008.50,1,4008.40,4,4009.60,3,4009.70,8,4009.80,4,4010.00,30,4010.10,6,4010.20,10,4010.30,7,4010.40,8,4010.50,8,4010.60,8,Buy,43,10,53,33.00,33.00,-5.00,2.00,85.0,4007.80,4009.50,4007.50,4009.50,52,44,96,8.00,11.00,-6.00,1.00,70.0,12,165,0.3750,0.0000,-199.00,-194.00,4011.98,-0.2181,DOWN,139.35,0.6889,1.8666
20260720 224501 773,4009.50,1,4009.30,4009.50,0.20,4009.30,2,4009.20,3,4009.10,3,4009.00,3,4008.90,2,4008.80,3,4008.70,2,4008.60,2,4008.50,1,4008.40,4,4009.60,3,4009.70,8,4009.80,4,4010.00,30,4010.10,6,4010.20,10,4010.30,7,4010.40,8,4010.50,8,4010.60,8,Buy,44,10,54,34.00,34.00,-5.00,2.00,85.0,4007.80,4009.50,4007.50,4009.50,52,44,96,8.00,11.00,-6.00,1.00,70.0,12,165,0.3750,0.0000,-198.00,-193.00,4011.98,-0.2181,DOWN,139.35,0.6889,1.8666
20260720 224501 804,4009.50,1,4009.50,4009.70,0.20,4009.50,3,4009.40,3,4009.30,4,4009.20,4,4009.10,4,4009.00,2,4008.90,2,4008.80,3,4008.70,7,4008.60,7,4009.70,6,4009.80,3,4010.00,25,4010.10,2,4010.20,5,4010.30,2,4010.40,3,4010.50,8,4010.60,8,4010.70,10,Sell,44,11,55,33.00,34.00,-5.00,2.00,85.0,4007.80,4009.50,4007.50,4009.50,52,44,96,8.00,11.00,-6.00,1.00,70.0,12,165,0.3750,0.0303,-199.00,-194.00,4011.98,-0.2181,DOWN,139.35,0.6889,1.8666
20260720 224501 804,4009.50,1,4009.50,4009.70,0.20,4009.50,3,4009.40,3,4009.30,4,4009.20,4,4009.10,4,4009.00,2,4008.90,2,4008.80,3,4008.70,7,4008.60,7,4009.70,6,4009.80,3,4010.00,25,4010.10,2,4010.20,5,4010.30,2,4010.40,3,4010.50,8,4010.60,8,4010.70,10,Sell,44,12,56,32.00,34.00,-5.00,2.00,85.0,4007.80,4009.50,4007.50,4009.50,52,44,96,8.00,11.00,-6.00,1.00,70.0,12,165,0.3750,0.0625,-200.00,-195.00,4011.98,-0.2181,DOWN,139.35,0.6889,1.8666
20260720 224501 805,4009.40,1,4009.50,4009.70,0.20,4009.50,3,4009.40,3,4009.30,4,4009.20,4,4009.10,4,4009.00,2,4008.90,2,4008.80,3,4008.70,7,4008.60,7,4009.70,6,4009.80,3,4010.00,25,4010.10,2,4010.20,5,4010.30,2,4010.40,3,4010.50,8,4010.60,8,4010.70,10,Sell,44,13,57,31.00,34.00,-5.00,2.00,80.0,4007.80,4009.50,4007.50,4009.40,52,44,96,8.00,11.00,-6.00,1.00,70.0,12,165,0.3750,0.0968,-201.00,-196.00,4011.97,-0.2213,DOWN,139.35,0.6889,1.8666
20260720 224501 805,4009.40,1,4009.50,4009.70,0.20,4009.50,3,4009.40,3,4009.30,4,4009.20,4,4009.10,4,4009.00,2,4008.90,2,4008.80,3,4008.70,7,4008.60,7,4009.70,6,4009.80,3,4010.00,25,4010.10,2,4010.20,5,4010.30,2,4010.40,3,4010.50,8,4010.60,8,4010.70,10,Sell,44,14,58,30.00,34.00,-5.00,2.00,80.0,4007.80,4009.50,4007.50,4009.40,52,44,96,8.00,11.00,-6.00,1.00,70.0,12,165,0.3750,0.1333,-202.00,-197.00,4011.97,-0.2213,DOWN,139.35,0.6889,1.8666
20260720 224501 822,4009.60,1,4009.50,4009.70,0.20,4009.50,3,4009.40,3,4009.30,4,4009.20,4,4009.10,4,4009.00,2,4008.90,2,4008.80,3,4008.70,7,4008.60,7,4009.70,6,4009.80,3,4010.00,25,4010.10,2,4010.20,5,4010.30,2,4010.40,3,4010.50,8,4010.60,8,4010.70,10,Buy,45,14,59,31.00,34.00,-5.00,2.10,85.7,4007.80,4009.60,4007.50,4009.60,52,44,96,8.00,11.00,-6.00,1.00,70.0,12,165,0.3750,0.0968,-201.00,-196.00,4011.99,-0.2149,DOWN,139.35,0.6889,1.8737
20260720 224501 822,4009.70,1,4009.50,4009.70,0.20,4009.50,3,4009.40,3,4009.30,4,4009.20,4,4009.10,4,4009.00,2,4008.90,2,4008.80,3,4008.70,7,4008.60,7,4009.70,6,4009.80,3,4010.00,25,4010.10,2,4010.20,5,4010.30,2,4010.40,3,4010.50,8,4010.60,8,4010.70,10,Buy,46,14,60,32.00,34.00,-5.00,2.20,86.4,4007.80,4009.70,4007.50,4009.70,52,44,96,8.00,11.00,-6.00,1.00,70.0,12,165,0.3750,0.0625,-200.00,-195.00,4012.00,-0.2118,DOWN,139.35,0.6889,1.8808
20260720 224501 822,4009.70,1,4009.50,4009.70,0.20,4009.50,3,4009.40,3,4009.30,4,4009.20,4,4009.10,4,4009.00,2,4008.90,2,4008.80,3,4008.70,7,4008.60,7,4009.70,6,4009.80,3,4010.00,25,4010.10,2,4010.20,5,4010.30,2,4010.40,3,4010.50,8,4010.60,8,4010.70,10,Buy,47,14,61,33.00,34.00,-5.00,2.20,86.4,4007.80,4009.70,4007.50,4009.70,52,44,96,8.00,11.00,-6.00,1.00,70.0,12,165,0.3750,0.0303,-199.00,-194.00,4012.00,-0.2118,DOWN,139.35,0.6889,1.8808
20260720 224501 841,4009.70,1,4009.50,4009.70,0.20,4009.50,3,4009.40,3,4009.30,4,4009.20,4,4009.10,4,4009.00,2,4008.90,2,4008.80,3,4008.70,7,4008.60,7,4009.70,6,4009.80,3,4010.00,25,4010.10,2,4010.20,5,4010.30,2,4010.40,3,4010.50,8,4010.60,8,4010.70,10,Buy,48,14,62,34.00,34.00,-5.00,2.20,86.4,4007.80,4009.70,4007.50,4009.70,52,44,96,8.00,11.00,-6.00,1.00,70.0,12,165,0.3750,0.0000,-198.00,-193.00,4012.00,-0.2118,DOWN,139.35,0.6889,1.8808
20260720 224501 847,4009.70,3,4009.70,4009.90,0.20,4009.70,1,4009.60,2,4009.50,5,4009.40,3,4009.30,3,4009.20,4,4009.10,2,4009.00,6,4008.90,7,4008.80,8,4009.90,2,4010.00,12,4010.10,2,4010.20,6,4010.30,3,4010.40,4,4010.50,3,4010.60,8,4010.70,10,4010.80,7,Buy,51,14,65,37.00,37.00,-5.00,2.20,86.4,4007.80,4009.70,4007.50,4009.70,52,44,96,8.00,11.00,-6.00,1.00,70.0,12,165,0.3750,0.0000,-195.00,-190.00,4012.00,-0.2118,DOWN,139.35,0.6889,1.8808
20260720 224501 848,4009.70,1,4009.70,4009.90,0.20,4009.70,1,4009.60,2,4009.50,5,4009.40,3,4009.30,3,4009.20,4,4009.10,2,4009.00,6,4008.90,7,4008.80,8,4009.90,2,4010.00,12,4010.10,2,4010.20,6,4010.30,3,4010.40,4,4010.50,3,4010.60,8,4010.70,10,4010.80,7,Buy,52,14,66,38.00,38.00,-5.00,2.20,86.4,4007.80,4009.70,4007.50,4009.70,52,44,96,8.00,11.00,-6.00,1.00,70.0,12,165,0.3750,0.0000,-194.00,-189.00,4012.00,-0.2118,DOWN,139.35,0.6889,1.8808
20260720 224501 850,4009.80,2,4009.70,4009.90,0.20,4009.70,1,4009.60,2,4009.50,5,4009.40,3,4009.30,3,4009.20,4,4009.10,2,4009.00,6,4008.90,7,4008.80,8,4009.90,2,4010.00,12,4010.10,2,4010.20,6,4010.30,3,4010.40,4,4010.50,3,4010.60,8,4010.70,10,4010.80,7,Buy,54,14,68,40.00,40.00,-5.00,2.30,87.0,4007.80,4009.80,4007.50,4009.80,52,44,96,8.00,11.00,-6.00,1.00,70.0,12,165,0.3750,0.0000,-192.00,-187.00,4012.01,-0.2086,DOWN,139.35,0.6889,1.8880
20260720 224501 850,4010.00,1,4009.70,4009.90,0.20,4009.70,1,4009.60,2,4009.50,5,4009.40,3,4009.30,3,4009.20,4,4009.10,2,4009.00,6,4008.90,7,4008.80,8,4009.90,2,4010.00,12,4010.10,2,4010.20,6,4010.30,3,4010.40,4,4010.50,3,4010.60,8,4010.70,10,4010.80,7,Buy,55,14,69,41.00,41.00,-5.00,2.50,88.0,4007.80,4010.00,4007.50,4010.00,52,44,96,8.00,11.00,-6.00,1.00,70.0,12,165,0.3750,0.0000,-191.00,-186.00,4012.03,-0.2022,DOWN,139.35,0.6889,1.9023
20260720 224501 850,4010.00,1,4009.70,4009.90,0.20,4009.70,1,4009.60,2,4009.50,5,4009.40,3,4009.30,3,4009.20,4,4009.10,2,4009.00,6,4008.90,7,4008.80,8,4009.90,2,4010.00,12,4010.10,2,4010.20,6,4010.30,3,4010.40,4,4010.50,3,4010.60,8,4010.70,10,4010.80,7,Buy,56,14,70,42.00,42.00,-5.00,2.50,88.0,4007.80,4010.00,4007.50,4010.00,52,44,96,8.00,11.00,-6.00,1.00,70.0,12,165,0.3750,0.0000,-190.00,-185.00,4012.03,-0.2022,DOWN,139.35,0.6889,1.9023
20260720 224501 850,4010.00,2,4009.70,4009.90,0.20,4009.70,1,4009.60,2,4009.50,5,4009.40,3,4009.30,3,4009.20,4,4009.10,2,4009.00,6,4008.90,7,4008.80,8,4009.90,2,4010.00,12,4010.10,2,4010.20,6,4010.30,3,4010.40,4,4010.50,3,4010.60,8,4010.70,10,4010.80,7,Buy,58,14,72,44.00,44.00,-5.00,2.50,88.0,4007.80,4010.00,4007.50,4010.00,52,44,96,8.00,11.00,-6.00,1.00,70.0,12,165,0.3750,0.0000,-188.00,-183.00,4012.03,-0.2022,DOWN,139.35,0.6889,1.9023
20260720 224501 850,4010.00,1,4009.70,4009.90,0.20,4009.70,1,4009.60,2,4009.50,5,4009.40,3,4009.30,3,4009.20,4,4009.10,2,4009.00,6,4008.90,7,4008.80,8,4009.90,2,4010.00,12,4010.10,2,4010.20,6,4010.30,3,4010.40,4,4010.50,3,4010.60,8,4010.70,10,4010.80,7,Buy,59,14,73,45.00,45.00,-5.00,2.50,88.0,4007.80,4010.00,4007.50,4010.00,52,44,96,8.00,11.00,-6.00,1.00,70.0,12,165,0.3750,0.0000,-187.00,-182.00,4012.03,-0.2022,DOWN,139.35,0.6889,1.9023
20260720 224501 850,4010.00,1,4009.70,4009.90,0.20,4009.70,1,4009.60,2,4009.50,5,4009.40,3,4009.30,3,4009.20,4,4009.10,2,4009.00,6,4008.90,7,4008.80,8,4009.90,2,4010.00,12,4010.10,2,4010.20,6,4010.30,3,4010.40,4,4010.50,3,4010.60,8,4010.70,10,4010.80,7,Buy,60,14,74,46.00,46.00,-5.00,2.50,88.0,4007.80,4010.00,4007.50,4010.00,52,44,96,8.00,11.00,-6.00,1.00,70.0,12,165,0.3750,0.0000,-186.00,-181.00,4012.03,-0.2022,DOWN,139.35,0.6889,1.9023
20260720 224501 865,4010.00,5,4009.70,4009.90,0.20,4009.70,1,4009.60,2,4009.50,5,4009.40,3,4009.30,3,4009.20,4,4009.10,2,4009.00,6,4008.90,7,4008.80,8,4009.90,2,4010.00,12,4010.10,2,4010.20,6,4010.30,3,4010.40,4,4010.50,3,4010.60,8,4010.70,10,4010.80,7,Buy,65,14,79,51.00,51.00,-5.00,2.50,88.0,4007.80,4010.00,4007.50,4010.00,52,44,96,8.00,11.00,-6.00,1.00,70.0,12,165,0.3750,0.0000,-181.00,-176.00,4012.03,-0.2022,DOWN,139.35,0.6889,1.9023
20260720 224501 887,4009.90,1,4009.70,4009.90,0.20,4009.70,1,4009.60,2,4009.50,5,4009.40,3,4009.30,3,4009.20,4,4009.10,2,4009.00,6,4008.90,7,4008.80,8,4009.90,2,4010.00,12,4010.10,2,4010.20,6,4010.30,3,4010.40,4,4010.50,3,4010.60,8,4010.70,10,4010.80,7,Sell,65,15,80,50.00,51.00,-5.00,2.50,84.0,4007.80,4010.00,4007.50,4009.90,52,44,96,8.00,11.00,-6.00,1.00,70.0,12,165,0.3750,0.0200,-182.00,-177.00,4012.02,-0.2054,DOWN,139.35,0.6889,1.9023
20260720 224501 888,4009.80,1,4009.70,4009.90,0.20,4009.70,1,4009.60,2,4009.50,5,4009.40,3,4009.30,3,4009.20,4,4009.10,2,4009.00,6,4008.90,7,4008.80,8,4009.90,2,4010.00,12,4010.10,2,4010.20,6,4010.30,3,4010.40,4,4010.50,3,4010.60,8,4010.70,10,4010.80,7,Sell,65,16,81,49.00,51.00,-5.00,2.50,80.0,4007.80,4010.00,4007.50,4009.80,52,44,96,8.00,11.00,-6.00,1.00,70.0,12,165,0.3750,0.0408,-183.00,-178.00,4012.01,-0.2086,DOWN,139.35,0.6889,1.9023
20260720 224501 888,4009.80,1,4009.70,4009.90,0.20,4009.70,1,4009.60,2,4009.50,5,4009.40,3,4009.30,3,4009.20,4,4009.10,2,4009.00,6,4008.90,7,4008.80,8,4009.90,2,4010.00,12,4010.10,2,4010.20,6,4010.30,3,4010.40,4,4010.50,3,4010.60,8,4010.70,10,4010.80,7,Sell,65,17,82,48.00,51.00,-5.00,2.50,80.0,4007.80,4010.00,4007.50,4009.80,52,44,96,8.00,11.00,-6.00,1.00,70.0,12,165,0.3750,0.0625,-184.00,-179.00,4012.01,-0.2086,DOWN,139.35,0.6889,1.9023
20260720 224501 923,4009.90,1,4010.00,4010.20,0.20,4010.00,3,4009.70,5,4009.60,2,4009.50,5,4009.40,7,4009.30,8,4009.20,3,4009.10,7,4009.00,6,4008.90,7,4010.20,2,4010.40,3,4010.50,4,4010.60,4,4010.70,6,4010.80,2,4010.90,10,4011.00,9,4011.10,7,4011.20,7,Buy,66,17,83,49.00,51.00,-5.00,2.50,84.0,4007.80,4010.00,4007.50,4009.90,52,44,96,8.00,11.00,-6.00,1.00,70.0,12,165,0.3750,0.0408,-183.00,-178.00,4012.02,-0.2054,DOWN,139.35,0.6889,1.9023
20260720 224501 926,4009.90,1,4010.00,4010.20,0.20,4010.00,3,4009.70,5,4009.60,2,4009.50,5,4009.40,7,4009.30,8,4009.20,3,4009.10,7,4009.00,6,4008.90,7,4010.20,2,4010.40,3,4010.50,4,4010.60,4,4010.70,6,4010.80,2,4010.90,10,4011.00,9,4011.10,7,4011.20,7,Buy,67,17,84,50.00,51.00,-5.00,2.50,84.0,4007.80,4010.00,4007.50,4009.90,52,44,96,8.00,11.00,-6.00,1.00,70.0,12,165,0.3750,0.0200,-182.00,-177.00,4012.02,-0.2054,DOWN,139.35,0.6889,1.9023
20260720 224501 926,4010.00,4,4010.00,4010.20,0.20,4010.00,3,4009.70,5,4009.60,2,4009.50,5,4009.40,7,4009.30,8,4009.20,3,4009.10,7,4009.00,6,4008.90,7,4010.20,2,4010.40,3,4010.50,4,4010.60,4,4010.70,6,4010.80,2,4010.90,10,4011.00,9,4011.10,7,4011.20,7,Buy,71,17,88,54.00,54.00,-5.00,2.50,88.0,4007.80,4010.00,4007.50,4010.00,52,44,96,8.00,11.00,-6.00,1.00,70.0,12,165,0.3750,0.0000,-178.00,-173.00,4012.03,-0.2022,DOWN,139.35,0.6889,1.9023
20260720 224501 926,4010.00,1,4010.00,4010.20,0.20,4010.00,3,4009.70,5,4009.60,2,4009.50,5,4009.40,7,4009.30,8,4009.20,3,4009.10,7,4009.00,6,4008.90,7,4010.20,2,4010.40,3,4010.50,4,4010.60,4,4010.70,6,4010.80,2,4010.90,10,4011.00,9,4011.10,7,4011.20,7,Buy,72,17,89,55.00,55.00,-5.00,2.50,88.0,4007.80,4010.00,4007.50,4010.00,52,44,96,8.00,11.00,-6.00,1.00,70.0,12,165,0.3750,0.0000,-177.00,-172.00,4012.03,-0.2022,DOWN,139.35,0.6889,1.9023
20260720 224501 926,4010.00,4,4010.00,4010.20,0.20,4010.00,3,4009.70,5,4009.60,2,4009.50,5,4009.40,7,4009.30,8,4009.20,3,4009.10,7,4009.00,6,4008.90,7,4010.20,2,4010.40,3,4010.50,4,4010.60,4,4010.70,6,4010.80,2,4010.90,10,4011.00,9,4011.10,7,4011.20,7,Buy,76,17,93,59.00,59.00,-5.00,2.50,88.0,4007.80,4010.00,4007.50,4010.00,52,44,96,8.00,11.00,-6.00,1.00,70.0,12,165,0.3750,0.0000,-173.00,-168.00,4012.03,-0.2022,DOWN,139.35,0.6889,1.9023
20260720 224501 926,4010.00,1,4010.00,4010.20,0.20,4010.00,3,4009.70,5,4009.60,2,4009.50,5,4009.40,7,4009.30,8,4009.20,3,4009.10,7,4009.00,6,4008.90,7,4010.20,2,4010.40,3,4010.50,4,4010.60,4,4010.70,6,4010.80,2,4010.90,10,4011.00,9,4011.10,7,4011.20,7,Buy,77,17,94,60.00,60.00,-5.00,2.50,88.0,4007.80,4010.00,4007.50,4010.00,52,44,96,8.00,11.00,-6.00,1.00,70.0,12,165,0.3750,0.0000,-172.00,-167.00,4012.03,-0.2022,DOWN,139.35,0.6889,1.9023
20260720 224501 926,4010.00,1,4010.00,4010.20,0.20,4010.00,3,4009.70,5,4009.60,2,4009.50,5,4009.40,7,4009.30,8,4009.20,3,4009.10,7,4009.00,6,4008.90,7,4010.20,2,4010.40,3,4010.50,4,4010.60,4,4010.70,6,4010.80,2,4010.90,10,4011.00,9,4011.10,7,4011.20,7,Buy,78,17,95,61.00,61.00,-5.00,2.50,88.0,4007.80,4010.00,4007.50,4010.00,52,44,96,8.00,11.00,-6.00,1.00,70.0,12,165,0.3750,0.0000,-171.00,-166.00,4012.03,-0.2022,DOWN,139.35,0.6889,1.9023
20260720 224501 926,4010.00,1,4010.00,4010.20,0.20,4010.00,3,4009.70,5,4009.60,2,4009.50,5,4009.40,7,4009.30,8,4009.20,3,4009.10,7,4009.00,6,4008.90,7,4010.20,2,4010.40,3,4010.50,4,4010.60,4,4010.70,6,4010.80,2,4010.90,10,4011.00,9,4011.10,7,4011.20,7,Buy,79,17,96,62.00,62.00,-5.00,2.50,88.0,4007.80,4010.00,4007.50,4010.00,52,44,96,8.00,11.00,-6.00,1.00,70.0,12,165,0.3750,0.0000,-170.00,-165.00,4012.03,-0.2022,DOWN,139.35,0.6889,1.9023
20260720 224501 926,4009.80,1,4010.00,4010.20,0.20,4010.00,3,4009.70,5,4009.60,2,4009.50,5,4009.40,7,4009.30,8,4009.20,3,4009.10,7,4009.00,6,4008.90,7,4010.20,2,4010.40,3,4010.50,4,4010.60,4,4010.70,6,4010.80,2,4010.90,10,4011.00,9,4011.10,7,4011.20,7,Sell,79,18,97,61.00,62.00,-5.00,2.50,80.0,4007.80,4010.00,4007.50,4009.80,52,44,96,8.00,11.00,-6.00,1.00,70.0,12,165,0.3750,0.0164,-171.00,-166.00,4012.01,-0.2086,DOWN,139.35,0.6889,1.9023
20260720 224501 926,4009.80,1,4010.00,4010.20,0.20,4010.00,3,4009.70,5,4009.60,2,4009.50,5,4009.40,7,4009.30,8,4009.20,3,4009.10,7,4009.00,6,4008.90,7,4010.20,2,4010.40,3,4010.50,4,4010.60,4,4010.70,6,4010.80,2,4010.90,10,4011.00,9,4011.10,7,4011.20,7,Sell,79,19,98,60.00,62.00,-5.00,2.50,80.0,4007.80,4010.00,4007.50,4009.80,52,44,96,8.00,11.00,-6.00,1.00,70.0,12,165,0.3750,0.0333,-172.00,-167.00,4012.01,-0.2086,DOWN,139.35,0.6889,1.9023
20260720 224501 944,4010.10,1,4010.00,4010.20,0.20,4010.00,3,4009.70,5,4009.60,2,4009.50,5,4009.40,7,4009.30,8,4009.20,3,4009.10,7,4009.00,6,4008.90,7,4010.20,2,4010.40,3,4010.50,4,4010.60,4,4010.70,6,4010.80,2,4010.90,10,4011.00,9,4011.10,7,4011.20,7,Buy,80,19,99,61.00,62.00,-5.00,2.60,88.5,4007.80,4010.10,4007.50,4010.10,52,44,96,8.00,11.00,-6.00,1.00,70.0,12,165,0.3750,0.0164,-171.00,-166.00,4012.04,-0.1991,DOWN,139.35,0.6889,1.9094
20260720 224501 944,4010.10,1,4010.00,4010.20,0.20,4010.00,3,4009.70,5,4009.60,2,4009.50,5,4009.40,7,4009.30,8,4009.20,3,4009.10,7,4009.00,6,4008.90,7,4010.20,2,4010.40,3,4010.50,4,4010.60,4,4010.70,6,4010.80,2,4010.90,10,4011.00,9,4011.10,7,4011.20,7,Buy,81,19,100,62.00,62.00,-5.00,2.60,88.5,4007.80,4010.10,4007.50,4010.10,52,44,96,8.00,11.00,-6.00,1.00,70.0,12,165,0.3750,0.0000,-170.00,-165.00,4012.04,-0.1991,DOWN,139.35,0.6889,1.9094
20260720 224501 998,4010.20,1,4010.30,4010.50,0.20,4010.20,2,4010.10,4,4010.00,6,4009.70,6,4009.60,7,4009.50,10,4009.40,7,4009.30,8,4009.20,8,4009.10,7,4010.50,2,4010.60,3,4010.70,5,4010.80,2,4010.90,5,4011.00,4,4011.10,2,4011.20,7,4011.30,8,4011.40,6,Buy,82,19,101,63.00,63.00,-5.00,2.70,88.9,4007.80,4010.20,4007.50,4010.20,52,44,96,8.00,11.00,-6.00,1.00,70.0,12,165,0.3750,0.0000,-169.00,-164.00,4012.05,-0.1959,DOWN,139.35,0.6889,1.9166
20260720 224501 998,4010.20,1,4010.30,4010.50,0.20,4010.20,2,4010.10,4,4010.00,6,4009.70,6,4009.60,7,4009.50,10,4009.40,7,4009.30,8,4009.20,8,4009.10,7,4010.50,2,4010.60,3,4010.70,5,4010.80,2,4010.90,5,4011.00,4,4011.10,2,4011.20,7,4011.30,8,4011.40,6,Buy,83,19,102,64.00,64.00,-5.00,2.70,88.9,4007.80,4010.20,4007.50,4010.20,52,44,96,8.00,11.00,-6.00,1.00,70.0,12,165,0.3750,0.0000,-168.00,-163.00,4012.05,-0.1959,DOWN,139.35,0.6889,1.9166
20260720 224502 009,4010.40,1,4010.30,4010.50,0.20,4010.20,2,4010.10,4,4010.00,6,4009.70,6,4009.60,7,4009.50,10,4009.40,7,4009.30,8,4009.20,8,4009.10,7,4010.50,2,4010.60,3,4010.70,5,4010.80,2,4010.90,5,4011.00,4,4011.10,2,4011.20,7,4011.30,8,4011.40,6,Buy,84,19,103,65.00,65.00,-5.00,2.90,89.7,4007.80,4010.40,4007.50,4010.40,52,44,96,8.00,11.00,-6.00,1.00,70.0,12,165,0.3750,0.0000,-167.00,-162.00,4012.07,-0.1895,DOWN,139.35,0.6889,1.9308
20260720 224502 009,4010.40,1,4010.30,4010.50,0.20,4010.20,2,4010.10,4,4010.00,6,4009.70,6,4009.60,7,4009.50,10,4009.40,7,4009.30,8,4009.20,8,4009.10,7,4010.50,2,4010.60,3,4010.70,5,4010.80,2,4010.90,5,4011.00,4,4011.10,2,4011.20,7,4011.30,8,4011.40,6,Buy,85,19,104,66.00,66.00,-5.00,2.90,89.7,4007.80,4010.40,4007.50,4010.40,52,44,96,8.00,11.00,-6.00,1.00,70.0,12,165,0.3750,0.0000,-166.00,-161.00,4012.07,-0.1895,DOWN,139.35,0.6889,1.9308
20260720 224502 041,4010.30,1,4010.30,4010.50,0.20,4010.20,2,4010.10,4,4010.00,6,4009.70,6,4009.60,7,4009.50,10,4009.40,7,4009.30,8,4009.20,8,4009.10,7,4010.50,2,4010.60,3,4010.70,5,4010.80,2,4010.90,5,4011.00,4,4011.10,2,4011.20,7,4011.30,8,4011.40,6,Buy,86,19,105,67.00,67.00,-5.00,2.90,86.2,4007.80,4010.40,4007.50,4010.30,52,44,96,8.00,11.00,-6.00,1.00,70.0,12,165,0.3750,0.0000,-165.00,-160.00,4012.06,-0.1927,DOWN,139.35,0.6889,1.9308
20260720 224502 041,4010.30,1,4010.30,4010.50,0.20,4010.20,2,4010.10,4,4010.00,6,4009.70,6,4009.60,7,4009.50,10,4009.40,7,4009.30,8,4009.20,8,4009.10,7,4010.50,2,4010.60,3,4010.70,5,4010.80,2,4010.90,5,4011.00,4,4011.10,2,4011.20,7,4011.30,8,4011.40,6,Buy,87,19,106,68.00,68.00,-5.00,2.90,86.2,4007.80,4010.40,4007.50,4010.30,52,44,96,8.00,11.00,-6.00,1.00,70.0,12,165,0.3750,0.0000,-164.00,-159.00,4012.06,-0.1927,DOWN,139.35,0.6889,1.9308
20260720 224502 042,4010.50,1,4010.30,4010.50,0.20,4010.20,2,4010.10,4,4010.00,6,4009.70,6,4009.60,7,4009.50,10,4009.40,7,4009.30,8,4009.20,8,4009.10,7,4010.50,2,4010.60,3,4010.70,5,4010.80,2,4010.90,5,4011.00,4,4011.10,2,4011.20,7,4011.30,8,4011.40,6,Buy,88,19,107,69.00,69.00,-5.00,3.00,90.0,4007.80,4010.50,4007.50,4010.50,52,44,96,8.00,11.00,-6.00,1.00,70.0,12,165,0.3750,0.0000,-163.00,-158.00,4012.08,-0.1864,DOWN,139.35,0.6889,1.9380
20260720 224502 059,4010.50,1,4010.50,4010.70,0.20,4010.40,4,4010.30,4,4010.20,6,4010.10,3,4010.00,6,4009.70,10,4009.60,8,4009.50,11,4009.40,7,4009.30,8,4010.70,1,4010.90,4,4011.00,4,4011.10,4,4011.20,3,4011.30,8,4011.40,6,4011.50,7,4011.60,7,4011.70,6,Buy,89,19,108,70.00,70.00,-5.00,3.00,90.0,4007.80,4010.50,4007.50,4010.50,52,44,96,8.00,11.00,-6.00,1.00,70.0,12,165,0.3750,0.0000,-162.00,-157.00,4012.08,-0.1864,DOWN,139.35,0.6889,1.9380
20260720 224502 059,4010.50,1,4010.50,4010.70,0.20,4010.40,4,4010.30,4,4010.20,6,4010.10,3,4010.00,6,4009.70,10,4009.60,8,4009.50,11,4009.40,7,4009.30,8,4010.70,1,4010.90,4,4011.00,4,4011.10,4,4011.20,3,4011.30,8,4011.40,6,4011.50,7,4011.60,7,4011.70,6,Buy,90,19,109,71.00,71.00,-5.00,3.00,90.0,4007.80,4010.50,4007.50,4010.50,52,44,96,8.00,11.00,-6.00,1.00,70.0,12,165,0.3750,0.0000,-161.00,-156.00,4012.08,-0.1864,DOWN,139.35,0.6889,1.9380
20260720 224502 060,4010.50,1,4010.50,4010.70,0.20,4010.40,4,4010.30,4,4010.20,6,4010.10,3,4010.00,6,4009.70,10,4009.60,8,4009.50,11,4009.40,7,4009.30,8,4010.70,1,4010.90,4,4011.00,4,4011.10,4,4011.20,3,4011.30,8,4011.40,6,4011.50,7,4011.60,7,4011.70,6,Buy,91,19,110,72.00,72.00,-5.00,3.00,90.0,4007.80,4010.50,4007.50,4010.50,52,44,96,8.00,11.00,-6.00,1.00,70.0,12,165,0.3750,0.0000,-160.00,-155.00,4012.08,-0.1864,DOWN,139.35,0.6889,1.9380
20260720 224502 061,4010.60,1,4010.50,4010.70,0.20,4010.40,4,4010.30,4,4010.20,6,4010.10,3,4010.00,6,4009.70,10,4009.60,8,4009.50,11,4009.40,7,4009.30,8,4010.70,1,4010.90,4,4011.00,4,4011.10,4,4011.20,3,4011.30,8,4011.40,6,4011.50,7,4011.60,7,4011.70,6,Buy,92,19,111,73.00,73.00,-5.00,3.10,90.3,4007.80,4010.60,4007.50,4010.60,52,44,96,8.00,11.00,-6.00,1.00,70.0,12,165,0.3750,0.0000,-159.00,-154.00,4012.09,-0.1832,DOWN,139.35,0.6889,1.9451
20260720 224502 094,4010.70,1,4010.50,4010.70,0.20,4010.40,4,4010.30,4,4010.20,6,4010.10,3,4010.00,6,4009.70,10,4009.60,8,4009.50,11,4009.40,7,4009.30,8,4010.70,1,4010.90,4,4011.00,4,4011.10,4,4011.20,3,4011.30,8,4011.40,6,4011.50,7,4011.60,7,4011.70,6,Buy,93,19,112,74.00,74.00,-5.00,3.20,90.6,4007.80,4010.70,4007.50,4010.70,52,44,96,8.00,11.00,-6.00,1.00,70.0,12,165,0.3750,0.0000,-158.00,-153.00,4012.10,-0.1800,DOWN,139.35,0.6889,1.9523
20260720 224502 145,4011.00,1,4011.10,4011.30,0.20,4011.10,2,4010.90,4,4010.80,5,4010.70,5,4010.60,4,4010.40,10,4010.30,8,4010.20,10,4010.10,7,4010.00,10,4011.30,2,4011.40,2,4011.50,3,4011.60,3,4011.70,1,4011.80,8,4011.90,5,4012.00,10,4012.10,10,4012.20,10,Buy,94,19,113,75.00,75.00,-5.00,3.50,91.4,4007.80,4011.00,4007.50,4011.00,52,44,96,8.00,11.00,-6.00,1.00,70.0,12,165,0.3750,0.0000,-157.00,-152.00,4012.13,-0.1705,DOWN,139.35,0.6889,1.9737
20260720 224502 145,4011.00,2,4011.10,4011.30,0.20,4011.10,2,4010.90,4,4010.80,5,4010.70,5,4010.60,4,4010.40,10,4010.30,8,4010.20,10,4010.10,7,4010.00,10,4011.30,2,4011.40,2,4011.50,3,4011.60,3,4011.70,1,4011.80,8,4011.90,5,4012.00,10,4012.10,10,4012.20,10,Buy,96,19,115,77.00,77.00,-5.00,3.50,91.4,4007.80,4011.00,4007.50,4011.00,52,44,96,8.00,11.00,-6.00,1.00,70.0,12,165,0.3750,0.0000,-155.00,-150.00,4012.13,-0.1705,DOWN,139.35,0.6889,1.9737
20260720 224502 146,4011.10,1,4011.10,4011.30,0.20,4011.10,2,4010.90,4,4010.80,5,4010.70,5,4010.60,4,4010.40,10,4010.30,8,4010.20,10,4010.10,7,4010.00,10,4011.30,2,4011.40,2,4011.50,3,4011.60,3,4011.70,1,4011.80,8,4011.90,5,4012.00,10,4012.10,10,4012.20,10,Buy,97,19,116,78.00,78.00,-5.00,3.60,91.7,4007.80,4011.10,4007.50,4011.10,52,44,96,8.00,11.00,-6.00,1.00,70.0,12,165,0.3750,0.0000,-154.00,-149.00,4012.13,-0.1673,DOWN,139.35,0.6889,1.9808
20260720 224502 146,4011.20,1,4011.10,4011.30,0.20,4011.10,2,4010.90,4,4010.80,5,4010.70,5,4010.60,4,4010.40,10,4010.30,8,4010.20,10,4010.10,7,4010.00,10,4011.30,2,4011.40,2,4011.50,3,4011.60,3,4011.70,1,4011.80,8,4011.90,5,4012.00,10,4012.10,10,4012.20,10,Buy,98,19,117,79.00,79.00,-5.00,3.70,91.9,4007.80,4011.20,4007.50,4011.20,52,44,96,8.00,11.00,-6.00,1.00,70.0,12,165,0.3750,0.0000,-153.00,-148.00,4012.14,-0.1641,DOWN,139.35,0.6889,1.9880
20260720 224502 146,4011.20,1,4011.10,4011.30,0.20,4011.10,2,4010.90,4,4010.80,5,4010.70,5,4010.60,4,4010.40,10,4010.30,8,4010.20,10,4010.10,7,4010.00,10,4011.30,2,4011.40,2,4011.50,3,4011.60,3,4011.70,1,4011.80,8,4011.90,5,4012.00,10,4012.10,10,4012.20,10,Buy,99,19,118,80.00,80.00,-5.00,3.70,91.9,4007.80,4011.20,4007.50,4011.20,52,44,96,8.00,11.00,-6.00,1.00,70.0,12,165,0.3750,0.0000,-152.00,-147.00,4012.14,-0.1641,DOWN,139.35,0.6889,1.9880
20260720 224502 245,4011.30,1,4011.20,4011.40,0.20,4011.20,1,4011.10,4,4010.90,5,4010.80,4,4010.70,5,4010.60,4,4010.40,10,4010.30,8,4010.20,10,4010.10,7,4011.40,1,4011.50,2,4011.60,3,4011.70,2,4011.80,4,4012.00,10,4012.10,10,4012.20,10,4012.30,9,4012.40,10,Buy,100,19,119,81.00,81.00,-5.00,3.80,92.1,4007.80,4011.30,4007.50,4011.30,52,44,96,8.00,11.00,-6.00,1.00,70.0,12,165,0.3750,0.0000,-151.00,-146.00,4012.15,-0.1610,DOWN,139.35,0.6889,1.9951
20260720 224502 246,4011.40,1,4011.20,4011.40,0.20,4011.20,1,4011.10,4,4010.90,5,4010.80,4,4010.70,5,4010.60,4,4010.40,10,4010.30,8,4010.20,10,4010.10,7,4011.40,1,4011.50,2,4011.60,3,4011.70,2,4011.80,4,4012.00,10,4012.10,10,4012.20,10,4012.30,9,4012.40,10,Buy,101,19,120,82.00,82.00,-5.00,3.90,92.3,4007.80,4011.40,4007.50,4011.40,52,44,96,8.00,11.00,-6.00,1.00,70.0,12,165,0.3750,0.0000,-150.00,-145.00,4012.16,-0.1578,DOWN,139.35,0.6889,2.0023
20260720 224502 246,4011.50,1,4011.20,4011.40,0.20,4011.20,1,4011.10,4,4010.90,5,4010.80,4,4010.70,5,4010.60,4,4010.40,10,4010.30,8,4010.20,10,4010.10,7,4011.40,1,4011.50,2,4011.60,3,4011.70,2,4011.80,4,4012.00,10,4012.10,10,4012.20,10,4012.30,9,4012.40,10,Buy,102,19,121,83.00,83.00,-5.00,4.00,92.5,4007.80,4011.50,4007.50,4011.50,52,44,96,8.00,11.00,-6.00,1.00,70.0,12,165,0.3750,0.0000,-149.00,-144.00,4012.17,-0.1546,DOWN,139.35,0.6889,2.0094
20260720 224502 246,4011.50,1,4011.20,4011.40,0.20,4011.20,1,4011.10,4,4010.90,5,4010.80,4,4010.70,5,4010.60,4,4010.40,10,4010.30,8,4010.20,10,4010.10,7,4011.40,1,4011.50,2,4011.60,3,4011.70,2,4011.80,4,4012.00,10,4012.10,10,4012.20,10,4012.30,9,4012.40,10,Buy,103,19,122,84.00,84.00,-5.00,4.00,92.5,4007.80,4011.50,4007.50,4011.50,52,44,96,8.00,11.00,-6.00,1.00,70.0,12,165,0.3750,0.0000,-148.00,-143.00,4012.17,-0.1546,DOWN,139.35,0.6889,2.0094
20260720 224502 246,4011.60,1,4011.20,4011.40,0.20,4011.20,1,4011.10,4,4010.90,5,4010.80,4,4010.70,5,4010.60,4,4010.40,10,4010.30,8,4010.20,10,4010.10,7,4011.40,1,4011.50,2,4011.60,3,4011.70,2,4011.80,4,4012.00,10,4012.10,10,4012.20,10,4012.30,9,4012.40,10,Buy,104,19,123,85.00,85.00,-5.00,4.10,92.7,4007.80,4011.60,4007.50,4011.60,52,44,96,8.00,11.00,-6.00,1.00,70.0,12,165,0.3750,0.0000,-147.00,-142.00,4012.18,-0.1514,DOWN,139.35,0.6889,2.0166
20260720 224502 246,4011.60,1,4011.20,4011.40,0.20,4011.20,1,4011.10,4,4010.90,5,4010.80,4,4010.70,5,4010.60,4,4010.40,10,4010.30,8,4010.20,10,4010.10,7,4011.40,1,4011.50,2,4011.60,3,4011.70,2,4011.80,4,4012.00,10,4012.10,10,4012.20,10,4012.30,9,4012.40,10,Buy,105,19,124,86.00,86.00,-5.00,4.10,92.7,4007.80,4011.60,4007.50,4011.60,52,44,96,8.00,11.00,-6.00,1.00,70.0,12,165,0.3750,0.0000,-146.00,-141.00,4012.18,-0.1514,DOWN,139.35,0.6889,2.0166
20260720 224502 269,4011.50,1,4011.50,4011.80,0.30,4011.50,2,4011.40,3,4011.30,3,4011.20,1,4011.10,3,4010.90,4,4010.80,4,4010.70,5,4010.60,4,4010.50,6,4011.80,2,4011.90,2,4012.00,4,4012.10,4,4012.20,5,4012.30,3,4012.40,5,4012.50,30,4012.60,10,4012.70,10,Buy,106,19,125,87.00,87.00,-5.00,4.10,90.2,4007.80,4011.60,4007.50,4011.50,52,44,96,8.00,11.00,-6.00,1.00,70.0,12,165,0.3750,0.0000,-145.00,-140.00,4012.17,-0.1546,DOWN,139.35,0.6889,2.0166
20260720 224502 296,4011.70,1,4011.50,4011.80,0.30,4011.50,2,4011.40,3,4011.30,3,4011.20,1,4011.10,3,4010.90,4,4010.80,4,4010.70,5,4010.60,4,4010.50,6,4011.80,2,4011.90,2,4012.00,4,4012.10,4,4012.20,5,4012.30,3,4012.40,5,4012.50,30,4012.60,10,4012.70,10,Buy,107,19,126,88.00,88.00,-5.00,4.20,92.9,4007.80,4011.70,4007.50,4011.70,52,44,96,8.00,11.00,-6.00,1.00,70.0,12,165,0.3750,0.0000,-144.00,-139.00,4012.19,-0.1483,DOWN,139.35,0.6889,2.0237
20260720 224502 297,4011.70,1,4011.50,4011.80,0.30,4011.50,2,4011.40,3,4011.30,3,4011.20,1,4011.10,3,4010.90,4,4010.80,4,4010.70,5,4010.60,4,4010.50,6,4011.80,2,4011.90,2,4012.00,4,4012.10,4,4012.20,5,4012.30,3,4012.40,5,4012.50,30,4012.60,10,4012.70,10,Buy,108,19,127,89.00,89.00,-5.00,4.20,92.9,4007.80,4011.70,4007.50,4011.70,52,44,96,8.00,11.00,-6.00,1.00,70.0,12,165,0.3750,0.0000,-143.00,-138.00,4012.19,-0.1483,DOWN,139.35,0.6889,2.0237
20260720 224502 356,4011.80,1,4011.80,4012.00,0.20,4011.80,2,4011.70,3,4011.60,5,4011.50,4,4011.40,4,4011.30,4,4011.10,4,4010.90,9,4010.80,8,4010.70,9,4012.00,2,4012.10,1,4012.20,3,4012.30,4,4012.40,5,4012.50,24,4012.60,5,4012.70,10,4012.80,13,4012.90,8,Buy,109,19,128,90.00,90.00,-5.00,4.30,93.0,4007.80,4011.80,4007.50,4011.80,52,44,96,8.00,11.00,-6.00,1.00,70.0,12,165,0.3750,0.0000,-142.00,-137.00,4012.20,-0.1451,DOWN,139.35,0.6889,2.0308
20260720 224502 356,4011.80,1,4011.80,4012.00,0.20,4011.80,2,4011.70,3,4011.60,5,4011.50,4,4011.40,4,4011.30,4,4011.10,4,4010.90,9,4010.80,8,4010.70,9,4012.00,2,4012.10,1,4012.20,3,4012.30,4,4012.40,5,4012.50,24,4012.60,5,4012.70,10,4012.80,13,4012.90,8,Buy,110,19,129,91.00,91.00,-5.00,4.30,93.0,4007.80,4011.80,4007.50,4011.80,52,44,96,8.00,11.00,-6.00,1.00,70.0,12,165,0.3750,0.0000,-141.00,-136.00,4012.20,-0.1451,DOWN,139.35,0.6889,2.0308
20260720 224502 356,4011.90,1,4011.80,4012.00,0.20,4011.80,2,4011.70,3,4011.60,5,4011.50,4,4011.40,4,4011.30,4,4011.10,4,4010.90,9,4010.80,8,4010.70,9,4012.00,2,4012.10,1,4012.20,3,4012.30,4,4012.40,5,4012.50,24,4012.60,5,4012.70,10,4012.80,13,4012.90,8,Buy,111,19,130,92.00,92.00,-5.00,4.40,93.2,4007.80,4011.90,4007.50,4011.90,52,44,96,8.00,11.00,-6.00,1.00,70.0,12,165,0.3750,0.0000,-140.00,-135.00,4012.21,-0.1419,DOWN,139.35,0.6889,2.0380
20260720 224502 356,4011.90,1,4011.80,4012.00,0.20,4011.80,2,4011.70,3,4011.60,5,4011.50,4,4011.40,4,4011.30,4,4011.10,4,4010.90,9,4010.80,8,4010.70,9,4012.00,2,4012.10,1,4012.20,3,4012.30,4,4012.40,5,4012.50,24,4012.60,5,4012.70,10,4012.80,13,4012.90,8,Buy,112,19,131,93.00,93.00,-5.00,4.40,93.2,4007.80,4011.90,4007.50,4011.90,52,44,96,8.00,11.00,-6.00,1.00,70.0,12,165,0.3750,0.0000,-139.00,-134.00,4012.21,-0.1419,DOWN,139.35,0.6889,2.0380
20260720 224502 535,4012.00,1,4011.90,4012.20,0.30,4011.90,2,4011.80,4,4011.70,3,4011.60,5,4011.50,4,4011.40,3,4011.30,4,4011.10,5,4010.90,9,4010.80,8,4012.20,1,4012.30,4,4012.40,5,4012.50,24,4012.60,5,4012.70,10,4012.80,13,4012.90,8,4013.00,7,4013.10,9,Buy,113,19,132,94.00,94.00,-5.00,4.50,93.3,4007.80,4012.00,4007.50,4012.00,52,44,96,8.00,11.00,-6.00,1.00,70.0,12,165,0.3750,0.0000,-138.00,-133.00,4012.22,-0.1387,DOWN,139.35,0.6889,2.0451
20260720 224502 535,4012.00,1,4011.90,4012.20,0.30,4011.90,2,4011.80,4,4011.70,3,4011.60,5,4011.50,4,4011.40,3,4011.30,4,4011.10,5,4010.90,9,4010.80,8,4012.20,1,4012.30,4,4012.40,5,4012.50,24,4012.60,5,4012.70,10,4012.80,13,4012.90,8,4013.00,7,4013.10,9,Buy,114,19,133,95.00,95.00,-5.00,4.50,93.3,4007.80,4012.00,4007.50,4012.00,52,44,96,8.00,11.00,-6.00,1.00,70.0,12,165,0.3750,0.0000,-137.00,-132.00,4012.22,-0.1387,DOWN,139.35,0.6889,2.0451
20260720 224502 535,4012.10,1,4011.90,4012.20,0.30,4011.90,2,4011.80,4,4011.70,3,4011.60,5,4011.50,4,4011.40,3,4011.30,4,4011.10,5,4010.90,9,4010.80,8,4012.20,1,4012.30,4,4012.40,5,4012.50,24,4012.60,5,4012.70,10,4012.80,13,4012.90,8,4013.00,7,4013.10,9,Buy,115,19,134,96.00,96.00,-5.00,4.60,93.5,4007.80,4012.10,4007.50,4012.10,52,44,96,8.00,11.00,-6.00,1.00,70.0,12,165,0.3750,0.0000,-136.00,-131.00,4012.23,-0.1356,DOWN,139.35,0.6889,2.0523
20260720 224502 535,4012.20,1,4011.90,4012.20,0.30,4011.90,2,4011.80,4,4011.70,3,4011.60,5,4011.50,4,4011.40,3,4011.30,4,4011.10,5,4010.90,9,4010.80,8,4012.20,1,4012.30,4,4012.40,5,4012.50,24,4012.60,5,4012.70,10,4012.80,13,4012.90,8,4013.00,7,4013.10,9,Buy,116,19,135,97.00,97.00,-5.00,4.70,93.6,4007.80,4012.20,4007.50,4012.20,52,44,96,8.00,11.00,-6.00,1.00,70.0,12,165,0.3750,0.0000,-135.00,-130.00,4012.24,-0.1324,DOWN,139.35,0.6889,2.0594
20260720 224502 535,4012.20,1,4011.90,4012.20,0.30,4011.90,2,4011.80,4,4011.70,3,4011.60,5,4011.50,4,4011.40,3,4011.30,4,4011.10,5,4010.90,9,4010.80,8,4012.20,1,4012.30,4,4012.40,5,4012.50,24,4012.60,5,4012.70,10,4012.80,13,4012.90,8,4013.00,7,4013.10,9,Buy,117,19,136,98.00,98.00,-5.00,4.70,93.6,4007.80,4012.20,4007.50,4012.20,52,44,96,8.00,11.00,-6.00,1.00,70.0,12,165,0.3750,0.0000,-134.00,-129.00,4012.24,-0.1324,DOWN,139.35,0.6889,2.0594
20260720 224502 563,4012.10,1,4012.00,4012.20,0.20,4012.00,3,4011.90,5,4011.80,3,4011.70,4,4011.60,5,4011.50,4,4011.40,3,4011.30,4,4011.20,6,4011.10,10,4012.20,2,4012.30,3,4012.40,5,4012.50,23,4012.60,5,4012.70,5,4012.80,13,4012.90,8,4013.00,7,4013.10,9,Buy,118,19,137,99.00,99.00,-5.00,4.70,91.5,4007.80,4012.20,4007.50,4012.10,52,44,96,8.00,11.00,-6.00,1.00,70.0,12,165,0.3750,0.0000,-133.00,-128.00,4012.23,-0.1356,DOWN,139.35,0.6889,2.0594
20260720 224502 587,4012.10,1,4012.00,4012.20,0.20,4012.00,3,4011.90,5,4011.80,3,4011.70,4,4011.60,5,4011.50,4,4011.40,3,4011.30,4,4011.20,6,4011.10,10,4012.20,2,4012.30,3,4012.40,5,4012.50,23,4012.60,5,4012.70,5,4012.80,13,4012.90,8,4013.00,7,4013.10,9,Buy,119,19,138,100.00,100.00,-5.00,4.70,91.5,4007.80,4012.20,4007.50,4012.10,52,44,96,8.00,11.00,-6.00,1.00,70.0,12,165,0.3750,0.0000,-132.00,-127.00,4012.23,-0.1356,DOWN,139.35,0.6889,2.0594
20260720 224502 599,4012.00,1,4012.00,4012.20,0.20,4012.00,3,4011.90,5,4011.80,3,4011.70,4,4011.60,5,4011.50,4,4011.40,3,4011.30,4,4011.20,6,4011.10,10,4012.20,2,4012.30,3,4012.40,5,4012.50,23,4012.60,5,4012.70,5,4012.80,13,4012.90,8,4013.00,7,4013.10,9,Sell,119,20,139,99.00,100.00,-5.00,4.70,89.4,4007.80,4012.20,4007.50,4012.00,52,44,96,8.00,11.00,-6.00,1.00,70.0,12,165,0.3750,0.0101,-133.00,-128.00,4012.22,-0.1387,DOWN,139.35,0.6889,2.0594
20260720 224502 599,4011.90,1,4012.00,4012.20,0.20,4012.00,3,4011.90,5,4011.80,3,4011.70,4,4011.60,5,4011.50,4,4011.40,3,4011.30,4,4011.20,6,4011.10,10,4012.20,2,4012.30,3,4012.40,5,4012.50,23,4012.60,5,4012.70,5,4012.80,13,4012.90,8,4013.00,7,4013.10,9,Sell,119,21,140,98.00,100.00,-5.00,4.70,87.2,4007.80,4012.20,4007.50,4011.90,52,44,96,8.00,11.00,-6.00,1.00,70.0,12,165,0.3750,0.0204,-134.00,-129.00,4012.21,-0.1419,DOWN,139.35,0.6889,2.0594
20260720 224502 730,4011.90,1,4011.50,4011.70,0.20,4011.50,2,4011.40,2,4011.30,4,4011.10,5,4011.00,3,4010.90,5,4010.80,8,4010.70,10,4010.60,10,4010.50,6,4011.70,4,4011.90,4,4012.00,3,4012.10,4,4012.20,5,4012.30,4,4012.40,5,4012.50,23,4012.60,4,4012.70,10,Sell,119,22,141,97.00,100.00,-5.00,4.70,87.2,4007.80,4012.20,4007.50,4011.90,52,44,96,8.00,11.00,-6.00,1.00,70.0,12,165,0.3750,0.0309,-135.00,-130.00,4012.21,-0.1419,DOWN,139.35,0.6889,2.0594
20260720 224502 730,4011.90,1,4011.50,4011.70,0.20,4011.50,2,4011.40,2,4011.30,4,4011.10,5,4011.00,3,4010.90,5,4010.80,8,4010.70,10,4010.60,10,4010.50,6,4011.70,4,4011.90,4,4012.00,3,4012.10,4,4012.20,5,4012.30,4,4012.40,5,4012.50,23,4012.60,4,4012.70,10,Sell,119,23,142,96.00,100.00,-5.00,4.70,87.2,4007.80,4012.20,4007.50,4011.90,52,44,96,8.00,11.00,-6.00,1.00,70.0,12,165,0.3750,0.0417,-136.00,-131.00,4012.21,-0.1419,DOWN,139.35,0.6889,2.0594
20260720 224502 734,4011.80,1,4011.50,4011.70,0.20,4011.50,2,4011.40,2,4011.30,4,4011.10,5,4011.00,3,4010.90,5,4010.80,8,4010.70,10,4010.60,10,4010.50,6,4011.70,4,4011.90,4,4012.00,3,4012.10,4,4012.20,5,4012.30,4,4012.40,5,4012.50,23,4012.60,4,4012.70,10,Sell,119,24,143,95.00,100.00,-5.00,4.70,85.1,4007.80,4012.20,4007.50,4011.80,52,44,96,8.00,11.00,-6.00,1.00,70.0,12,165,0.3750,0.0526,-137.00,-132.00,4012.20,-0.1451,DOWN,139.35,0.6889,2.0594
20260720 224502 737,4011.70,1,4011.50,4011.70,0.20,4011.50,2,4011.40,2,4011.30,4,4011.10,5,4011.00,3,4010.90,5,4010.80,8,4010.70,10,4010.60,10,4010.50,6,4011.70,4,4011.90,4,4012.00,3,4012.10,4,4012.20,5,4012.30,4,4012.40,5,4012.50,23,4012.60,4,4012.70,10,Buy,120,24,144,96.00,100.00,-5.00,4.70,83.0,4007.80,4012.20,4007.50,4011.70,52,44,96,8.00,11.00,-6.00,1.00,70.0,12,165,0.3750,0.0417,-136.00,-131.00,4012.19,-0.1483,DOWN,139.35,0.6889,2.0594
20260720 224503 013,4011.50,1,4011.50,4011.70,0.20,4011.50,3,4011.40,3,4011.30,4,4011.10,6,4011.00,2,4010.90,5,4010.80,3,4010.70,10,4010.60,10,4010.50,6,4011.70,5,4011.90,4,4012.00,4,4012.10,4,4012.20,5,4012.30,4,4012.40,5,4012.50,23,4012.60,4,4012.70,10,Sell,120,25,145,95.00,100.00,-5.00,4.70,78.7,4007.80,4012.20,4007.50,4011.50,52,44,96,8.00,11.00,-6.00,1.00,70.0,12,165,0.3750,0.0526,-137.00,-132.00,4012.17,-0.1546,DOWN,139.35,0.6889,2.0594
20260720 224504 025,4011.50,1,4011.20,4011.50,0.30,4011.20,3,4011.10,3,4011.00,2,4010.90,6,4010.80,4,4010.70,5,4010.60,10,4010.50,6,4010.40,10,4010.30,8,4011.50,3,4011.60,4,4011.70,4,4011.90,3,4012.00,4,4012.10,3,4012.20,4,4012.30,4,4012.40,10,4012.50,28,Sell,120,26,146,94.00,100.00,-5.00,4.70,78.7,4007.80,4012.20,4007.50,4011.50,52,44,96,8.00,11.00,-6.00,1.00,70.0,12,165,0.3750,0.0638,-138.00,-133.00,4012.17,-0.1546,DOWN,139.35,0.6889,2.0594
20260720 224504 025,4011.50,1,4011.20,4011.50,0.30,4011.20,3,4011.10,3,4011.00,2,4010.90,6,4010.80,4,4010.70,5,4010.60,10,4010.50,6,4010.40,10,4010.30,8,4011.50,3,4011.60,4,4011.70,4,4011.90,3,4012.00,4,4012.10,3,4012.20,4,4012.30,4,4012.40,10,4012.50,28,Sell,120,27,147,93.00,100.00,-5.00,4.70,78.7,4007.80,4012.20,4007.50,4011.50,52,44,96,8.00,11.00,-6.00,1.00,70.0,12,165,0.3750,0.0753,-139.00,-134.00,4012.17,-0.1546,DOWN,139.35,0.6889,2.0594
20260720 224504 027,4011.50,4,4011.20,4011.50,0.30,4011.20,3,4011.10,3,4011.00,2,4010.90,6,4010.80,4,4010.70,5,4010.60,10,4010.50,6,4010.40,10,4010.30,8,4011.50,3,4011.60,4,4011.70,4,4011.90,3,4012.00,4,4012.10,3,4012.20,4,4012.30,4,4012.40,10,4012.50,28,Buy,124,27,151,97.00,100.00,-5.00,4.70,78.7,4007.80,4012.20,4007.50,4011.50,52,44,96,8.00,11.00,-6.00,1.00,70.0,12,165,0.3750,0.0309,-135.00,-130.00,4012.17,-0.1546,DOWN,139.35,0.6889,2.0594
20260720 224504 028,4011.40,1,4011.20,4011.50,0.30,4011.20,3,4011.10,3,4011.00,2,4010.90,6,4010.80,4,4010.70,5,4010.60,10,4010.50,6,4010.40,10,4010.30,8,4011.50,3,4011.60,4,4011.70,4,4011.90,3,4012.00,4,4012.10,3,4012.20,4,4012.30,4,4012.40,10,4012.50,28,Sell,124,28,152,96.00,100.00,-5.00,4.70,76.6,4007.80,4012.20,4007.50,4011.40,52,44,96,8.00,11.00,-6.00,1.00,70.0,12,165,0.3750,0.0417,-136.00,-131.00,4012.16,-0.1578,DOWN,139.35,0.6889,2.0594
20260720 224504 030,4011.50,1,4011.20,4011.50,0.30,4011.20,3,4011.10,3,4011.00,2,4010.90,6,4010.80,4,4010.70,5,4010.60,10,4010.50,6,4010.40,10,4010.30,8,4011.50,3,4011.60,4,4011.70,4,4011.90,3,4012.00,4,4012.10,3,4012.20,4,4012.30,4,4012.40,10,4012.50,28,Buy,125,28,153,97.00,100.00,-5.00,4.70,78.7,4007.80,4012.20,4007.50,4011.50,52,44,96,8.00,11.00,-6.00,1.00,70.0,12,165,0.3750,0.0309,-135.00,-130.00,4012.17,-0.1546,DOWN,139.35,0.6889,2.0594
20260720 224504 186,4011.50,1,4011.20,4011.50,0.30,4011.20,2,4011.10,3,4011.00,2,4010.90,5,4010.80,5,4010.70,5,4010.60,10,4010.50,6,4010.40,10,4010.30,8,4011.50,3,4011.60,4,4011.70,3,4011.90,3,4012.00,4,4012.10,3,4012.20,4,4012.30,4,4012.40,10,4012.50,28,Buy,126,28,154,98.00,100.00,-5.00,4.70,78.7,4007.80,4012.20,4007.50,4011.50,52,44,96,8.00,11.00,-6.00,1.00,70.0,12,165,0.3750,0.0204,-134.00,-129.00,4012.17,-0.1546,DOWN,139.35,0.6889,2.0594
20260720 224504 200,4011.20,1,4011.20,4011.50,0.30,4011.20,2,4011.10,3,4011.00,2,4010.90,5,4010.80,5,4010.70,5,4010.60,10,4010.50,6,4010.40,10,4010.30,8,4011.50,3,4011.60,4,4011.70,3,4011.90,3,4012.00,4,4012.10,3,4012.20,4,4012.30,4,4012.40,10,4012.50,28,Sell,126,29,155,97.00,100.00,-5.00,4.70,72.3,4007.80,4012.20,4007.50,4011.20,52,44,96,8.00,11.00,-6.00,1.00,70.0,12,165,0.3750,0.0309,-135.00,-130.00,4012.14,-0.1641,DOWN,139.35,0.6889,2.0594
20260720 224505 312,4011.40,1,4011.40,4011.70,0.30,4011.40,3,4011.30,5,4011.20,5,4011.10,4,4011.00,1,4010.90,4,4010.80,4,4010.70,4,4010.60,9,4010.50,6,4011.70,4,4011.80,7,4011.90,3,4012.00,3,4012.10,3,4012.20,4,4012.30,4,4012.40,10,4012.50,28,4012.60,9,Buy,127,29,156,98.00,100.00,-5.00,4.70,76.6,4007.80,4012.20,4007.50,4011.40,52,44,96,8.00,11.00,-6.00,1.00,70.0,12,165,0.3750,0.0204,-134.00,-129.00,4012.16,-0.1578,DOWN,139.35,0.6889,2.0594
20260720 224505 312,4011.40,1,4011.40,4011.70,0.30,4011.40,3,4011.30,5,4011.20,5,4011.10,4,4011.00,1,4010.90,4,4010.80,4,4010.70,4,4010.60,9,4010.50,6,4011.70,4,4011.80,7,4011.90,3,4012.00,3,4012.10,3,4012.20,4,4012.30,4,4012.40,10,4012.50,28,4012.60,9,Buy,128,29,157,99.00,100.00,-5.00,4.70,76.6,4007.80,4012.20,4007.50,4011.40,52,44,96,8.00,11.00,-6.00,1.00,70.0,12,165,0.3750,0.0101,-133.00,-128.00,4012.16,-0.1578,DOWN,139.35,0.6889,2.0594
20260720 224505 312,4011.40,1,4011.40,4011.70,0.30,4011.40,3,4011.30,5,4011.20,5,4011.10,4,4011.00,1,4010.90,4,4010.80,4,4010.70,4,4010.60,9,4010.50,6,4011.70,4,4011.80,7,4011.90,3,4012.00,3,4012.10,3,4012.20,4,4012.30,4,4012.40,10,4012.50,28,4012.60,9,Buy,129,29,158,100.00,100.00,-5.00,4.70,76.6,4007.80,4012.20,4007.50,4011.40,52,44,96,8.00,11.00,-6.00,1.00,70.0,12,165,0.3750,0.0000,-132.00,-127.00,4012.16,-0.1578,DOWN,139.35,0.6889,2.0594
20260720 224505 312,4011.40,1,4011.40,4011.70,0.30,4011.40,3,4011.30,5,4011.20,5,4011.10,4,4011.00,1,4010.90,4,4010.80,4,4010.70,4,4010.60,9,4010.50,6,4011.70,4,4011.80,7,4011.90,3,4012.00,3,4012.10,3,4012.20,4,4012.30,4,4012.40,10,4012.50,28,4012.60,9,Buy,130,29,159,101.00,101.00,-5.00,4.70,76.6,4007.80,4012.20,4007.50,4011.40,52,44,96,8.00,11.00,-6.00,1.00,70.0,12,165,0.3750,0.0000,-131.00,-126.00,4012.16,-0.1578,DOWN,139.35,0.6889,2.0594
20260720 224505 312,4011.50,1,4011.40,4011.70,0.30,4011.40,3,4011.30,5,4011.20,5,4011.10,4,4011.00,1,4010.90,4,4010.80,4,4010.70,4,4010.60,9,4010.50,6,4011.70,4,4011.80,7,4011.90,3,4012.00,3,4012.10,3,4012.20,4,4012.30,4,4012.40,10,4012.50,28,4012.60,9,Buy,131,29,160,102.00,102.00,-5.00,4.70,78.7,4007.80,4012.20,4007.50,4011.50,52,44,96,8.00,11.00,-6.00,1.00,70.0,12,165,0.3750,0.0000,-130.00,-125.00,4012.17,-0.1546,DOWN,139.35,0.6889,2.0594
20260720 224505 312,4011.50,1,4011.40,4011.70,0.30,4011.40,3,4011.30,5,4011.20,5,4011.10,4,4011.00,1,4010.90,4,4010.80,4,4010.70,4,4010.60,9,4010.50,6,4011.70,4,4011.80,7,4011.90,3,4012.00,3,4012.10,3,4012.20,4,4012.30,4,4012.40,10,4012.50,28,4012.60,9,Buy,132,29,161,103.00,103.00,-5.00,4.70,78.7,4007.80,4012.20,4007.50,4011.50,52,44,96,8.00,11.00,-6.00,1.00,70.0,12,165,0.3750,0.0000,-129.00,-124.00,4012.17,-0.1546,DOWN,139.35,0.6889,2.0594
20260720 224505 313,4011.50,1,4011.40,4011.70,0.30,4011.40,3,4011.30,5,4011.20,5,4011.10,4,4011.00,1,4010.90,4,4010.80,4,4010.70,4,4010.60,9,4010.50,6,4011.70,4,4011.80,7,4011.90,3,4012.00,3,4012.10,3,4012.20,4,4012.30,4,4012.40,10,4012.50,28,4012.60,9,Buy,133,29,162,104.00,104.00,-5.00,4.70,78.7,4007.80,4012.20,4007.50,4011.50,52,44,96,8.00,11.00,-6.00,1.00,70.0,12,165,0.3750,0.0000,-128.00,-123.00,4012.17,-0.1546,DOWN,139.35,0.6889,2.0594
20260720 224505 313,4011.50,1,4011.40,4011.70,0.30,4011.40,3,4011.30,5,4011.20,5,4011.10,4,4011.00,1,4010.90,4,4010.80,4,4010.70,4,4010.60,9,4010.50,6,4011.70,4,4011.80,7,4011.90,3,4012.00,3,4012.10,3,4012.20,4,4012.30,4,4012.40,10,4012.50,28,4012.60,9,Buy,134,29,163,105.00,105.00,-5.00,4.70,78.7,4007.80,4012.20,4007.50,4011.50,52,44,96,8.00,11.00,-6.00,1.00,70.0,12,165,0.3750,0.0000,-127.00,-122.00,4012.17,-0.1546,DOWN,139.35,0.6889,2.0594
20260720 224505 313,4011.60,1,4011.40,4011.70,0.30,4011.40,3,4011.30,5,4011.20,5,4011.10,4,4011.00,1,4010.90,4,4010.80,4,4010.70,4,4010.60,9,4010.50,6,4011.70,4,4011.80,7,4011.90,3,4012.00,3,4012.10,3,4012.20,4,4012.30,4,4012.40,10,4012.50,28,4012.60,9,Buy,135,29,164,106.00,106.00,-5.00,4.70,80.9,4007.80,4012.20,4007.50,4011.60,52,44,96,8.00,11.00,-6.00,1.00,70.0,12,165,0.3750,0.0000,-126.00,-121.00,4012.18,-0.1514,DOWN,139.35,0.6889,2.0594
20260720 224505 313,4011.60,1,4011.40,4011.70,0.30,4011.40,3,4011.30,5,4011.20,5,4011.10,4,4011.00,1,4010.90,4,4010.80,4,4010.70,4,4010.60,9,4010.50,6,4011.70,4,4011.80,7,4011.90,3,4012.00,3,4012.10,3,4012.20,4,4012.30,4,4012.40,10,4012.50,28,4012.60,9,Buy,136,29,165,107.00,107.00,-5.00,4.70,80.9,4007.80,4012.20,4007.50,4011.60,52,44,96,8.00,11.00,-6.00,1.00,70.0,12,165,0.3750,0.0000,-125.00,-120.00,4012.18,-0.1514,DOWN,139.35,0.6889,2.0594
20260720 224505 313,4011.60,1,4011.40,4011.70,0.30,4011.40,3,4011.30,5,4011.20,5,4011.10,4,4011.00,1,4010.90,4,4010.80,4,4010.70,4,4010.60,9,4010.50,6,4011.70,4,4011.80,7,4011.90,3,4012.00,3,4012.10,3,4012.20,4,4012.30,4,4012.40,10,4012.50,28,4012.60,9,Buy,137,29,166,108.00,108.00,-5.00,4.70,80.9,4007.80,4012.20,4007.50,4011.60,52,44,96,8.00,11.00,-6.00,1.00,70.0,12,165,0.3750,0.0000,-124.00,-119.00,4012.18,-0.1514,DOWN,139.35,0.6889,2.0594
20260720 224505 313,4011.60,1,4011.40,4011.70,0.30,4011.40,3,4011.30,5,4011.20,5,4011.10,4,4011.00,1,4010.90,4,4010.80,4,4010.70,4,4010.60,9,4010.50,6,4011.70,4,4011.80,7,4011.90,3,4012.00,3,4012.10,3,4012.20,4,4012.30,4,4012.40,10,4012.50,28,4012.60,9,Buy,138,29,167,109.00,109.00,-5.00,4.70,80.9,4007.80,4012.20,4007.50,4011.60,52,44,96,8.00,11.00,-6.00,1.00,70.0,12,165,0.3750,0.0000,-123.00,-118.00,4012.18,-0.1514,DOWN,139.35,0.6889,2.0594
20260720 224505 313,4011.70,1,4011.40,4011.70,0.30,4011.40,3,4011.30,5,4011.20,5,4011.10,4,4011.00,1,4010.90,4,4010.80,4,4010.70,4,4010.60,9,4010.50,6,4011.70,4,4011.80,7,4011.90,3,4012.00,3,4012.10,3,4012.20,4,4012.30,4,4012.40,10,4012.50,28,4012.60,9,Buy,139,29,168,110.00,110.00,-5.00,4.70,83.0,4007.80,4012.20,4007.50,4011.70,52,44,96,8.00,11.00,-6.00,1.00,70.0,12,165,0.3750,0.0000,-122.00,-117.00,4012.19,-0.1483,DOWN,139.35,0.6889,2.0594
20260720 224505 313,4011.70,1,4011.40,4011.70,0.30,4011.40,3,4011.30,5,4011.20,5,4011.10,4,4011.00,1,4010.90,4,4010.80,4,4010.70,4,4010.60,9,4010.50,6,4011.70,4,4011.80,7,4011.90,3,4012.00,3,4012.10,3,4012.20,4,4012.30,4,4012.40,10,4012.50,28,4012.60,9,Buy,140,29,169,111.00,111.00,-5.00,4.70,83.0,4007.80,4012.20,4007.50,4011.70,52,44,96,8.00,11.00,-6.00,1.00,70.0,12,165,0.3750,0.0000,-121.00,-116.00,4012.19,-0.1483,DOWN,139.35,0.6889,2.0594
20260720 224505 313,4011.70,1,4011.40,4011.70,0.30,4011.40,3,4011.30,5,4011.20,5,4011.10,4,4011.00,1,4010.90,4,4010.80,4,4010.70,4,4010.60,9,4010.50,6,4011.70,4,4011.80,7,4011.90,3,4012.00,3,4012.10,3,4012.20,4,4012.30,4,4012.40,10,4012.50,28,4012.60,9,Buy,141,29,170,112.00,112.00,-5.00,4.70,83.0,4007.80,4012.20,4007.50,4011.70,52,44,96,8.00,11.00,-6.00,1.00,70.0,12,165,0.3750,0.0000,-120.00,-115.00,4012.19,-0.1483,DOWN,139.35,0.6889,2.0594
20260720 224505 756,4011.50,1,4011.00,4011.30,0.30,4011.00,2,4010.90,3,4010.80,3,4010.70,4,4010.60,9,4010.50,6,4010.40,10,4010.30,8,4010.20,10,4010.10,8,4011.30,2,4011.40,6,4011.50,4,4011.60,6,4011.70,4,4011.80,8,4011.90,2,4012.00,3,4012.10,3,4012.20,9,Buy,142,29,171,113.00,113.00,-5.00,4.70,78.7,4007.80,4012.20,4007.50,4011.50,52,44,96,8.00,11.00,-6.00,1.00,70.0,12,165,0.3750,0.0000,-119.00,-114.00,4012.17,-0.1546,DOWN,139.35,0.6889,2.0594
20260720 224505 760,4011.20,1,4011.00,4011.30,0.30,4011.00,2,4010.90,3,4010.80,3,4010.70,4,4010.60,9,4010.50,6,4010.40,10,4010.30,8,4010.20,10,4010.10,8,4011.30,2,4011.40,6,4011.50,4,4011.60,6,4011.70,4,4011.80,8,4011.90,2,4012.00,3,4012.10,3,4012.20,9,Sell,142,30,172,112.00,113.00,-5.00,4.70,72.3,4007.80,4012.20,4007.50,4011.20,52,44,96,8.00,11.00,-6.00,1.00,70.0,12,165,0.3750,0.0089,-120.00,-115.00,4012.14,-0.1641,DOWN,139.35,0.6889,2.0594
20260720 224505 760,4011.20,1,4011.00,4011.30,0.30,4011.00,2,4010.90,3,4010.80,3,4010.70,4,4010.60,9,4010.50,6,4010.40,10,4010.30,8,4010.20,10,4010.10,8,4011.30,2,4011.40,6,4011.50,4,4011.60,6,4011.70,4,4011.80,8,4011.90,2,4012.00,3,4012.10,3,4012.20,9,Sell,142,31,173,111.00,113.00,-5.00,4.70,72.3,4007.80,4012.20,4007.50,4011.20,52,44,96,8.00,11.00,-6.00,1.00,70.0,12,165,0.3750,0.0180,-121.00,-116.00,4012.14,-0.1641,DOWN,139.35,0.6889,2.0594
20260720 224505 780,4011.30,1,4011.10,4011.40,0.30,4011.10,2,4011.00,2,4010.90,3,4010.80,4,4010.70,4,4010.60,9,4010.50,6,4010.40,10,4010.30,8,4010.20,10,4011.40,5,4011.50,4,4011.60,5,4011.70,4,4011.80,8,4011.90,2,4012.00,3,4012.10,3,4012.20,9,4012.30,9,Buy,143,31,174,112.00,113.00,-5.00,4.70,74.5,4007.80,4012.20,4007.50,4011.30,52,44,96,8.00,11.00,-6.00,1.00,70.0,12,165,0.3750,0.0089,-120.00,-115.00,4012.15,-0.1610,DOWN,139.35,0.6889,2.0594
20260720 224505 781,4011.30,1,4011.10,4011.40,0.30,4011.10,2,4011.00,2,4010.90,3,4010.80,4,4010.70,4,4010.60,9,4010.50,6,4010.40,10,4010.30,8,4010.20,10,4011.40,5,4011.50,4,4011.60,5,4011.70,4,4011.80,8,4011.90,2,4012.00,3,4012.10,3,4012.20,9,4012.30,9,Buy,144,31,175,113.00,113.00,-5.00,4.70,74.5,4007.80,4012.20,4007.50,4011.30,52,44,96,8.00,11.00,-6.00,1.00,70.0,12,165,0.3750,0.0000,-119.00,-114.00,4012.15,-0.1610,DOWN,139.35,0.6889,2.0594
20260720 224505 809,4011.40,1,4011.10,4011.40,0.30,4011.10,2,4011.00,2,4010.90,3,4010.80,4,4010.70,4,4010.60,9,4010.50,6,4010.40,10,4010.30,8,4010.20,10,4011.40,5,4011.50,4,4011.60,5,4011.70,4,4011.80,8,4011.90,2,4012.00,3,4012.10,3,4012.20,9,4012.30,9,Buy,145,31,176,114.00,114.00,-5.00,4.70,76.6,4007.80,4012.20,4007.50,4011.40,52,44,96,8.00,11.00,-6.00,1.00,70.0,12,165,0.3750,0.0000,-118.00,-113.00,4012.16,-0.1578,DOWN,139.35,0.6889,2.0594
20260720 224506 060,4011.00,1,4010.90,4011.20,0.30,4010.90,2,4010.80,3,4010.70,3,4010.60,4,4010.40,11,4010.30,8,4010.20,10,4010.10,8,4010.00,12,4009.90,5,4011.20,5,4011.30,6,4011.40,3,4011.50,4,4011.60,5,4011.70,3,4011.80,7,4011.90,2,4012.00,3,4012.10,8,Sell,145,32,177,113.00,114.00,-5.00,4.70,68.1,4007.80,4012.20,4007.50,4011.00,52,44,96,8.00,11.00,-6.00,1.00,70.0,12,165,0.3750,0.0088,-119.00,-114.00,4012.13,-0.1705,DOWN,139.35,0.6889,2.0594
20260720 224506 237,4010.90,1,4010.80,4011.10,0.30,4010.80,2,4010.70,3,4010.60,4,4010.40,11,4010.30,8,4010.20,10,4010.10,8,4010.00,12,4009.90,5,4009.80,5,4011.10,1,4011.20,5,4011.30,6,4011.40,3,4011.50,4,4011.60,5,4011.70,3,4011.80,7,4011.90,2,4012.00,3,Sell,145,33,178,112.00,114.00,-5.00,4.70,66.0,4007.80,4012.20,4007.50,4010.90,52,44,96,8.00,11.00,-6.00,1.00,70.0,12,165,0.3750,0.0179,-120.00,-115.00,4012.12,-0.1737,DOWN,139.35,0.6889,2.0594
20260720 224506 237,4010.90,1,4010.80,4011.10,0.30,4010.80,2,4010.70,3,4010.60,4,4010.40,11,4010.30,8,4010.20,10,4010.10,8,4010.00,12,4009.90,5,4009.80,5,4011.10,1,4011.20,5,4011.30,6,4011.40,3,4011.50,4,4011.60,5,4011.70,3,4011.80,7,4011.90,2,4012.00,3,Sell,145,34,179,111.00,114.00,-5.00,4.70,66.0,4007.80,4012.20,4007.50,4010.90,52,44,96,8.00,11.00,-6.00,1.00,70.0,12,165,0.3750,0.0270,-121.00,-116.00,4012.12,-0.1737,DOWN,139.35,0.6889,2.0594
20260720 224506 237,4010.80,1,4010.80,4011.10,0.30,4010.80,2,4010.70,3,4010.60,4,4010.40,11,4010.30,8,4010.20,10,4010.10,8,4010.00,12,4009.90,5,4009.80,5,4011.10,1,4011.20,5,4011.30,6,4011.40,3,4011.50,4,4011.60,5,4011.70,3,4011.80,7,4011.90,2,4012.00,3,Sell,145,35,180,110.00,114.00,-5.00,4.70,63.8,4007.80,4012.20,4007.50,4010.80,52,44,96,8.00,11.00,-6.00,1.00,70.0,12,165,0.3750,0.0364,-122.00,-117.00,4012.11,-0.1768,DOWN,139.35,0.6889,2.0594
20260720 224506 403,4011.10,1,4011.00,4011.30,0.30,4011.00,3,4010.90,6,4010.80,3,4010.70,5,4010.60,4,4010.40,10,4010.30,8,4010.20,10,4010.10,8,4010.00,12,4011.30,3,4011.40,3,4011.50,4,4011.60,5,4011.70,3,4011.80,7,4011.90,2,4012.00,8,4012.10,8,4012.20,9,Buy,146,35,181,111.00,114.00,-5.00,4.70,70.2,4007.80,4012.20,4007.50,4011.10,52,44,96,8.00,11.00,-6.00,1.00,70.0,12,165,0.3750,0.0270,-121.00,-116.00,4012.13,-0.1673,DOWN,139.35,0.6889,2.0594
20260720 224506 403,4011.10,1,4011.00,4011.30,0.30,4011.00,3,4010.90,6,4010.80,3,4010.70,5,4010.60,4,4010.40,10,4010.30,8,4010.20,10,4010.10,8,4010.00,12,4011.30,3,4011.40,3,4011.50,4,4011.60,5,4011.70,3,4011.80,7,4011.90,2,4012.00,8,4012.10,8,4012.20,9,Buy,147,35,182,112.00,114.00,-5.00,4.70,70.2,4007.80,4012.20,4007.50,4011.10,52,44,96,8.00,11.00,-6.00,1.00,70.0,12,165,0.3750,0.0179,-120.00,-115.00,4012.13,-0.1673,DOWN,139.35,0.6889,2.0594
20260720 224506 405,4011.20,1,4011.00,4011.30,0.30,4011.00,3,4010.90,6,4010.80,3,4010.70,5,4010.60,4,4010.40,10,4010.30,8,4010.20,10,4010.10,8,4010.00,12,4011.30,3,4011.40,3,4011.50,4,4011.60,5,4011.70,3,4011.80,7,4011.90,2,4012.00,8,4012.10,8,4012.20,9,Buy,148,35,183,113.00,114.00,-5.00,4.70,72.3,4007.80,4012.20,4007.50,4011.20,52,44,96,8.00,11.00,-6.00,1.00,70.0,12,165,0.3750,0.0088,-119.00,-114.00,4012.14,-0.1641,DOWN,139.35,0.6889,2.0594
20260720 224506 405,4011.20,1,4011.00,4011.30,0.30,4011.00,3,4010.90,6,4010.80,3,4010.70,5,4010.60,4,4010.40,10,4010.30,8,4010.20,10,4010.10,8,4010.00,12,4011.30,3,4011.40,3,4011.50,4,4011.60,5,4011.70,3,4011.80,7,4011.90,2,4012.00,8,4012.10,8,4012.20,9,Buy,149,35,184,114.00,114.00,-5.00,4.70,72.3,4007.80,4012.20,4007.50,4011.20,52,44,96,8.00,11.00,-6.00,1.00,70.0,12,165,0.3750,0.0000,-118.00,-113.00,4012.14,-0.1641,DOWN,139.35,0.6889,2.0594
20260720 224506 856,4011.00,1,4010.80,4011.00,0.20,4011.00,1,4010.90,3,4010.80,2,4010.70,4,4010.60,4,4010.50,2,4010.40,10,4010.30,8,4010.20,10,4010.10,8,4011.20,2,4011.30,7,4011.40,3,4011.50,4,4011.60,5,4011.70,3,4011.80,7,4011.90,2,4012.00,8,4012.10,8,Sell,149,36,185,113.00,114.00,-5.00,4.70,68.1,4007.80,4012.20,4007.50,4011.00,52,44,96,8.00,11.00,-6.00,1.00,70.0,12,165,0.3750,0.0088,-119.00,-114.00,4012.13,-0.1705,DOWN,139.35,0.6889,2.0594
20260720 224506 856,4010.90,1,4010.80,4011.00,0.20,4011.00,1,4010.90,3,4010.80,2,4010.70,4,4010.60,4,4010.50,2,4010.40,10,4010.30,8,4010.20,10,4010.10,8,4011.20,2,4011.30,7,4011.40,3,4011.50,4,4011.60,5,4011.70,3,4011.80,7,4011.90,2,4012.00,8,4012.10,8,Sell,149,37,186,112.00,114.00,-5.00,4.70,66.0,4007.80,4012.20,4007.50,4010.90,52,44,96,8.00,11.00,-6.00,1.00,70.0,12,165,0.3750,0.0179,-120.00,-115.00,4012.12,-0.1737,DOWN,139.35,0.6889,2.0594
