Timestamp,Last,Volume,Bid,Ask,Spread,BidPrice1,BidQty1,BidPrice2,BidQty2,BidPrice3,BidQty3,BidPrice4,BidQty4,BidPrice5,BidQty5,BidPrice6,BidQty6,BidPrice7,BidQty7,BidPrice8,BidQty8,BidPrice9,BidQty9,BidPrice10,BidQty10,AskPrice1,AskQty1,AskPrice2,AskQty2,AskPrice3,AskQty3,AskPrice4,AskQty4,AskPrice5,AskQty5,AskPrice6,AskQty6,AskPrice7,AskQty7,AskPrice8,AskQty8,AskPrice9,AskQty9,AskPrice10,AskQty10,Aggressor,CurBarBuyVol,CurBarSellVol,CurBarTotalVol,CurBarDelta,CurBarMaxSeen,CurBarMinSeen,CurBarRange,CurBarBodyPct,CurBarOpen,CurBarHigh,CurBarLow,CurBarClose,PrevBarBuyVol,PrevBarSellVol,PrevBarTotalVol,PrevBarDelta,PrevBarMaxSeen,PrevBarMinSeen,PrevBarRange,PrevBarBodyPct,PrevBar30sAggDelta,PrevBar30sTradeCount,PrevBarAbsorbRatio,IntraAbsorbRatio,CumDelta5Bars,CumDelta10Bars,HTFEmaValue,HTFEmaSlope,HTFEmaDir,H2_HourlyVolBaseline,H2_PrevBarVolMultiple,ATRValue
20260714 203600 888,4057.80,1,4057.00,4057.30,0.30,4057.00,4,4056.90,5,4056.80,4,4056.70,5,4056.60,3,4056.50,9,4056.40,3,4056.30,11,4056.20,9,4056.10,8,4057.30,4,4057.40,4,4057.50,6,4057.60,2,4057.70,6,4057.90,2,4058.00,7,4058.10,7,4058.20,8,4058.30,10,Buy,26,0,26,26.00,26.00,1.00,0.60,100.0,4057.20,4057.80,4057.20,4057.80,35,102,137,-67.00,8.00,-67.00,1.80,66.7,-213,324,0.0000,0.0000,-59.00,-112.00,4063.62,-0.5147,DOWN,51.85,2.6422,0.9560
20260714 203600 888,4057.80,1,4057.00,4057.30,0.30,4057.00,4,4056.90,5,4056.80,4,4056.70,5,4056.60,3,4056.50,9,4056.40,3,4056.30,11,4056.20,9,4056.10,8,4057.30,4,4057.40,4,4057.50,6,4057.60,2,4057.70,6,4057.90,2,4058.00,7,4058.10,7,4058.20,8,4058.30,10,Buy,27,0,27,27.00,27.00,1.00,0.60,100.0,4057.20,4057.80,4057.20,4057.80,35,102,137,-67.00,8.00,-67.00,1.80,66.7,-213,324,0.0000,0.0000,-58.00,-111.00,4063.62,-0.5147,DOWN,51.85,2.6422,0.9560
20260714 203602 965,4057.30,1,4057.00,4057.30,0.30,4057.00,3,4056.90,3,4056.80,3,4056.70,5,4056.60,3,4056.50,9,4056.40,3,4056.30,11,4056.20,9,4056.10,8,4057.30,2,4057.40,3,4057.50,6,4057.60,2,4057.70,6,4057.90,2,4058.00,7,4058.10,7,4058.20,8,4058.30,10,Buy,28,0,28,28.00,28.00,1.00,0.60,16.7,4057.20,4057.80,4057.20,4057.30,35,102,137,-67.00,8.00,-67.00,1.80,66.7,-213,324,0.0000,0.0000,-57.00,-110.00,4063.57,-0.5305,DOWN,51.85,2.6422,0.9560
20260714 203603 099,4057.00,1,4057.00,4057.30,0.30,4057.10,1,4057.00,3,4056.90,3,4056.80,3,4056.70,5,4056.60,3,4056.50,9,4056.40,3,4056.30,11,4056.20,9,4057.30,2,4057.40,3,4057.50,6,4057.60,2,4057.70,6,4057.90,2,4058.00,7,4058.10,7,4058.20,8,4058.30,10,Sell,28,1,29,27.00,28.00,1.00,0.80,25.0,4057.20,4057.80,4057.00,4057.00,35,102,137,-67.00,8.00,-67.00,1.80,66.7,-213,324,0.0000,0.0370,-58.00,-111.00,4063.54,-0.5400,DOWN,51.85,2.6422,0.9560
20260714 203605 944,4057.20,1,4057.00,4057.20,0.20,4057.00,2,4056.90,2,4056.80,3,4056.70,5,4056.60,3,4056.50,9,4056.40,3,4056.30,11,4056.20,9,4056.10,8,4057.30,4,4057.40,3,4057.50,6,4057.60,2,4057.70,6,4057.90,2,4058.00,7,4058.10,7,4058.20,8,4058.30,10,Buy,29,1,30,28.00,28.00,1.00,0.80,0.0,4057.20,4057.80,4057.00,4057.20,35,102,137,-67.00,8.00,-67.00,1.80,66.7,-213,324,0.0000,0.0000,-57.00,-110.00,4063.56,-0.5337,DOWN,51.85,2.6422,0.9560
20260714 203607 332,4057.00,1,4057.00,4057.20,0.20,4057.00,1,4056.90,2,4056.80,3,4056.70,5,4056.60,3,4056.50,9,4056.40,3,4056.30,11,4056.20,9,4056.10,8,4057.20,3,4057.30,4,4057.40,3,4057.50,6,4057.60,2,4057.70,6,4057.90,4,4058.00,7,4058.10,7,4058.20,8,Sell,29,2,31,27.00,28.00,1.00,0.80,25.0,4057.20,4057.80,4057.00,4057.00,35,102,137,-67.00,8.00,-67.00,1.80,66.7,-213,324,0.0000,0.0370,-58.00,-111.00,4063.54,-0.5400,DOWN,51.85,2.6422,0.9560
20260714 203607 332,4057.00,1,4057.00,4057.20,0.20,4057.00,1,4056.90,2,4056.80,3,4056.70,5,4056.60,3,4056.50,9,4056.40,3,4056.30,11,4056.20,9,4056.10,8,4057.20,3,4057.30,4,4057.40,3,4057.50,6,4057.60,2,4057.70,6,4057.90,4,4058.00,7,4058.10,7,4058.20,8,Sell,29,3,32,26.00,28.00,1.00,0.80,25.0,4057.20,4057.80,4057.00,4057.00,35,102,137,-67.00,8.00,-67.00,1.80,66.7,-213,324,0.0000,0.0769,-59.00,-112.00,4063.54,-0.5400,DOWN,51.85,2.6422,0.9560
20260714 203607 551,4057.20,1,4057.00,4057.20,0.20,4057.00,2,4056.90,2,4056.80,3,4056.70,5,4056.60,3,4056.50,9,4056.40,3,4056.30,11,4056.20,9,4056.10,8,4057.20,1,4057.30,4,4057.40,3,4057.50,6,4057.60,2,4057.70,6,4057.90,4,4058.00,7,4058.10,7,4058.20,8,Buy,30,3,33,27.00,28.00,1.00,0.80,0.0,4057.20,4057.80,4057.00,4057.20,35,102,137,-67.00,8.00,-67.00,1.80,66.7,-213,324,0.0000,0.0370,-58.00,-111.00,4063.56,-0.5337,DOWN,51.85,2.6422,0.9560
20260714 203607 551,4057.20,1,4057.00,4057.20,0.20,4057.00,2,4056.90,2,4056.80,3,4056.70,5,4056.60,3,4056.50,9,4056.40,3,4056.30,11,4056.20,9,4056.10,8,4057.20,1,4057.30,4,4057.40,3,4057.50,6,4057.60,2,4057.70,6,4057.90,4,4058.00,7,4058.10,7,4058.20,8,Buy,31,3,34,28.00,28.00,1.00,0.80,0.0,4057.20,4057.80,4057.00,4057.20,35,102,137,-67.00,8.00,-67.00,1.80,66.7,-213,324,0.0000,0.0000,-57.00,-110.00,4063.56,-0.5337,DOWN,51.85,2.6422,0.9560
20260714 203607 723,4057.00,1,4056.80,4056.90,0.10,4057.00,2,4056.90,2,4056.80,3,4056.70,5,4056.60,3,4056.50,9,4056.40,3,4056.30,11,4056.20,9,4056.10,8,4057.10,1,4057.20,2,4057.30,3,4057.40,3,4057.50,6,4057.60,2,4057.70,6,4057.90,4,4058.00,7,4058.10,7,Sell,31,4,35,27.00,28.00,1.00,0.80,25.0,4057.20,4057.80,4057.00,4057.00,35,102,137,-67.00,8.00,-67.00,1.80,66.7,-213,324,0.0000,0.0370,-58.00,-111.00,4063.54,-0.5400,DOWN,51.85,2.6422,0.9560
20260714 203607 723,4057.00,1,4056.80,4057.00,0.20,4056.80,2,4056.70,4,4056.50,6,4056.40,1,4056.30,6,4056.20,4,4056.10,8,4056.00,2,4055.90,4,4055.80,5,4057.00,1,4057.10,2,4057.20,3,4057.30,3,4057.40,3,4057.50,6,4057.60,2,4057.70,11,4057.80,7,4057.90,9,Sell,31,5,36,26.00,28.00,1.00,0.80,25.0,4057.20,4057.80,4057.00,4057.00,35,102,137,-67.00,8.00,-67.00,1.80,66.7,-213,324,0.0000,0.0769,-59.00,-112.00,4063.54,-0.5400,DOWN,51.85,2.6422,0.9560
20260714 203607 724,4056.90,1,4056.80,4057.00,0.20,4056.80,2,4056.70,4,4056.50,6,4056.40,1,4056.30,6,4056.20,4,4056.10,8,4056.00,2,4055.90,4,4055.80,5,4057.00,1,4057.10,2,4057.20,3,4057.30,3,4057.40,3,4057.50,6,4057.60,2,4057.70,11,4057.80,7,4057.90,9,Sell,31,6,37,25.00,28.00,1.00,0.90,33.3,4057.20,4057.80,4056.90,4056.90,35,102,137,-67.00,8.00,-67.00,1.80,66.7,-213,324,0.0000,0.1200,-60.00,-113.00,4063.53,-0.5432,DOWN,51.85,2.6422,0.9560
20260714 203607 724,4056.90,1,4056.80,4057.00,0.20,4056.80,2,4056.70,4,4056.50,6,4056.40,1,4056.30,6,4056.20,4,4056.10,8,4056.00,2,4055.90,4,4055.80,5,4057.00,1,4057.10,2,4057.20,3,4057.30,3,4057.40,3,4057.50,6,4057.60,2,4057.70,11,4057.80,7,4057.90,9,Sell,31,7,38,24.00,28.00,1.00,0.90,33.3,4057.20,4057.80,4056.90,4056.90,35,102,137,-67.00,8.00,-67.00,1.80,66.7,-213,324,0.0000,0.1667,-61.00,-114.00,4063.53,-0.5432,DOWN,51.85,2.6422,0.9560
20260714 203607 724,4056.80,1,4056.80,4057.00,0.20,4056.80,2,4056.70,4,4056.50,6,4056.40,1,4056.30,6,4056.20,4,4056.10,8,4056.00,2,4055.90,4,4055.80,5,4057.00,1,4057.10,2,4057.20,3,4057.30,3,4057.40,3,4057.50,6,4057.60,2,4057.70,11,4057.80,7,4057.90,9,Sell,31,8,39,23.00,28.00,1.00,1.00,40.0,4057.20,4057.80,4056.80,4056.80,35,102,137,-67.00,8.00,-67.00,1.80,66.7,-213,324,0.0000,0.2174,-62.00,-115.00,4063.52,-0.5464,DOWN,51.85,2.6422,0.9560
20260714 203607 724,4056.80,1,4056.80,4057.00,0.20,4056.80,2,4056.70,4,4056.50,6,4056.40,1,4056.30,6,4056.20,4,4056.10,8,4056.00,2,4055.90,4,4055.80,5,4057.00,1,4057.10,2,4057.20,3,4057.30,3,4057.40,3,4057.50,6,4057.60,2,4057.70,11,4057.80,7,4057.90,9,Sell,31,9,40,22.00,28.00,1.00,1.00,40.0,4057.20,4057.80,4056.80,4056.80,35,102,137,-67.00,8.00,-67.00,1.80,66.7,-213,324,0.0000,0.2727,-63.00,-116.00,4063.52,-0.5464,DOWN,51.85,2.6422,0.9560
20260714 203607 724,4056.70,1,4056.80,4057.00,0.20,4056.80,2,4056.70,4,4056.50,6,4056.40,1,4056.30,6,4056.20,4,4056.10,8,4056.00,2,4055.90,4,4055.80,5,4057.00,1,4057.10,2,4057.20,3,4057.30,3,4057.40,3,4057.50,6,4057.60,2,4057.70,11,4057.80,7,4057.90,9,Sell,31,10,41,21.00,28.00,1.00,1.10,45.5,4057.20,4057.80,4056.70,4056.70,35,102,137,-67.00,8.00,-67.00,1.80,66.7,-213,324,0.0000,0.3333,-64.00,-117.00,4063.51,-0.5496,DOWN,51.85,2.6422,0.9632
20260714 203607 724,4056.70,1,4056.80,4057.00,0.20,4056.80,2,4056.70,4,4056.50,6,4056.40,1,4056.30,6,4056.20,4,4056.10,8,4056.00,2,4055.90,4,4055.80,5,4057.00,1,4057.10,2,4057.20,3,4057.30,3,4057.40,3,4057.50,6,4057.60,2,4057.70,11,4057.80,7,4057.90,9,Sell,31,11,42,20.00,28.00,1.00,1.10,45.5,4057.20,4057.80,4056.70,4056.70,35,102,137,-67.00,8.00,-67.00,1.80,66.7,-213,324,0.0000,0.4000,-65.00,-118.00,4063.51,-0.5496,DOWN,51.85,2.6422,0.9632
20260714 203607 724,4056.70,1,4056.80,4057.00,0.20,4056.80,2,4056.70,4,4056.50,6,4056.40,1,4056.30,6,4056.20,4,4056.10,8,4056.00,2,4055.90,4,4055.80,5,4057.00,1,4057.10,2,4057.20,3,4057.30,3,4057.40,3,4057.50,6,4057.60,2,4057.70,11,4057.80,7,4057.90,9,Sell,31,12,43,19.00,28.00,1.00,1.10,45.5,4057.20,4057.80,4056.70,4056.70,35,102,137,-67.00,8.00,-67.00,1.80,66.7,-213,324,0.0000,0.4737,-66.00,-119.00,4063.51,-0.5496,DOWN,51.85,2.6422,0.9632
20260714 203607 724,4056.70,1,4056.80,4057.00,0.20,4056.80,2,4056.70,4,4056.50,6,4056.40,1,4056.30,6,4056.20,4,4056.10,8,4056.00,2,4055.90,4,4055.80,5,4057.00,1,4057.10,2,4057.20,3,4057.30,3,4057.40,3,4057.50,6,4057.60,2,4057.70,11,4057.80,7,4057.90,9,Sell,31,13,44,18.00,28.00,1.00,1.10,45.5,4057.20,4057.80,4056.70,4056.70,35,102,137,-67.00,8.00,-67.00,1.80,66.7,-213,324,0.0000,0.5556,-67.00,-120.00,4063.51,-0.5496,DOWN,51.85,2.6422,0.9632
20260714 203607 724,4056.60,1,4056.80,4057.00,0.20,4056.80,2,4056.70,4,4056.50,6,4056.40,1,4056.30,6,4056.20,4,4056.10,8,4056.00,2,4055.90,4,4055.80,5,4057.00,1,4057.10,2,4057.20,3,4057.30,3,4057.40,3,4057.50,6,4057.60,2,4057.70,11,4057.80,7,4057.90,9,Sell,31,14,45,17.00,28.00,1.00,1.20,50.0,4057.20,4057.80,4056.60,4056.60,35,102,137,-67.00,8.00,-67.00,1.80,66.7,-213,324,0.0000,0.6471,-68.00,-121.00,4063.50,-0.5527,DOWN,51.85,2.6422,0.9703
20260714 203607 724,4056.60,1,4056.80,4057.00,0.20,4056.80,2,4056.70,4,4056.50,6,4056.40,1,4056.30,6,4056.20,4,4056.10,8,4056.00,2,4055.90,4,4055.80,5,4057.00,1,4057.10,2,4057.20,3,4057.30,3,4057.40,3,4057.50,6,4057.60,2,4057.70,11,4057.80,7,4057.90,9,Sell,31,15,46,16.00,28.00,1.00,1.20,50.0,4057.20,4057.80,4056.60,4056.60,35,102,137,-67.00,8.00,-67.00,1.80,66.7,-213,324,0.0000,0.7500,-69.00,-122.00,4063.50,-0.5527,DOWN,51.85,2.6422,0.9703
20260714 203607 724,4056.60,1,4056.80,4057.00,0.20,4056.80,2,4056.70,4,4056.50,6,4056.40,1,4056.30,6,4056.20,4,4056.10,8,4056.00,2,4055.90,4,4055.80,5,4057.00,1,4057.10,2,4057.20,3,4057.30,3,4057.40,3,4057.50,6,4057.60,2,4057.70,11,4057.80,7,4057.90,9,Sell,31,16,47,15.00,28.00,1.00,1.20,50.0,4057.20,4057.80,4056.60,4056.60,35,102,137,-67.00,8.00,-67.00,1.80,66.7,-213,324,0.0000,0.8667,-70.00,-123.00,4063.50,-0.5527,DOWN,51.85,2.6422,0.9703
20260714 203607 724,4056.50,1,4056.80,4057.00,0.20,4056.80,2,4056.70,4,4056.50,6,4056.40,1,4056.30,6,4056.20,4,4056.10,8,4056.00,2,4055.90,4,4055.80,5,4057.00,1,4057.10,2,4057.20,3,4057.30,3,4057.40,3,4057.50,6,4057.60,2,4057.70,11,4057.80,7,4057.90,9,Sell,31,17,48,14.00,28.00,1.00,1.30,53.8,4057.20,4057.80,4056.50,4056.50,35,102,137,-67.00,8.00,-67.00,1.80,66.7,-213,324,0.0000,1.0000,-71.00,-124.00,4063.49,-0.5559,DOWN,51.85,2.6422,0.9775
20260714 203607 724,4056.50,1,4056.80,4057.00,0.20,4056.80,2,4056.70,4,4056.50,6,4056.40,1,4056.30,6,4056.20,4,4056.10,8,4056.00,2,4055.90,4,4055.80,5,4057.00,1,4057.10,2,4057.20,3,4057.30,3,4057.40,3,4057.50,6,4057.60,2,4057.70,11,4057.80,7,4057.90,9,Sell,31,18,49,13.00,28.00,1.00,1.30,53.8,4057.20,4057.80,4056.50,4056.50,35,102,137,-67.00,8.00,-67.00,1.80,66.7,-213,324,0.0000,1.1538,-72.00,-125.00,4063.49,-0.5559,DOWN,51.85,2.6422,0.9775
20260714 203607 724,4056.50,1,4056.80,4057.00,0.20,4056.80,2,4056.70,4,4056.50,6,4056.40,1,4056.30,6,4056.20,4,4056.10,8,4056.00,2,4055.90,4,4055.80,5,4057.00,1,4057.10,2,4057.20,3,4057.30,3,4057.40,3,4057.50,6,4057.60,2,4057.70,11,4057.80,7,4057.90,9,Sell,31,19,50,12.00,28.00,1.00,1.30,53.8,4057.20,4057.80,4056.50,4056.50,35,102,137,-67.00,8.00,-67.00,1.80,66.7,-213,324,0.0000,1.3333,-73.00,-126.00,4063.49,-0.5559,DOWN,51.85,2.6422,0.9775
20260714 203607 730,4056.70,1,4056.80,4057.00,0.20,4056.80,2,4056.70,4,4056.50,6,4056.40,1,4056.30,6,4056.20,4,4056.10,8,4056.00,2,4055.90,4,4055.80,5,4057.00,1,4057.10,2,4057.20,3,4057.30,3,4057.40,3,4057.50,6,4057.60,2,4057.70,11,4057.80,7,4057.90,9,Buy,32,19,51,13.00,28.00,1.00,1.30,38.5,4057.20,4057.80,4056.50,4056.70,35,102,137,-67.00,8.00,-67.00,1.80,66.7,-213,324,0.0000,1.1538,-72.00,-125.00,4063.51,-0.5496,DOWN,51.85,2.6422,0.9775
20260714 203607 735,4056.80,1,4056.80,4057.00,0.20,4056.80,2,4056.70,4,4056.50,6,4056.40,1,4056.30,6,4056.20,4,4056.10,8,4056.00,2,4055.90,4,4055.80,5,4057.00,1,4057.10,2,4057.20,3,4057.30,3,4057.40,3,4057.50,6,4057.60,2,4057.70,11,4057.80,7,4057.90,9,Buy,33,19,52,14.00,28.00,1.00,1.30,30.8,4057.20,4057.80,4056.50,4056.80,35,102,137,-67.00,8.00,-67.00,1.80,66.7,-213,324,0.0000,1.0000,-71.00,-124.00,4063.52,-0.5464,DOWN,51.85,2.6422,0.9775
20260714 203607 735,4056.80,1,4056.80,4057.00,0.20,4056.80,2,4056.70,4,4056.50,6,4056.40,1,4056.30,6,4056.20,4,4056.10,8,4056.00,2,4055.90,4,4055.80,5,4057.00,1,4057.10,2,4057.20,3,4057.30,3,4057.40,3,4057.50,6,4057.60,2,4057.70,11,4057.80,7,4057.90,9,Buy,34,19,53,15.00,28.00,1.00,1.30,30.8,4057.20,4057.80,4056.50,4056.80,35,102,137,-67.00,8.00,-67.00,1.80,66.7,-213,324,0.0000,0.8667,-70.00,-123.00,4063.52,-0.5464,DOWN,51.85,2.6422,0.9775
20260714 203607 735,4056.80,1,4056.80,4057.00,0.20,4056.80,2,4056.70,4,4056.50,6,4056.40,1,4056.30,6,4056.20,4,4056.10,8,4056.00,2,4055.90,4,4055.80,5,4057.00,1,4057.10,2,4057.20,3,4057.30,3,4057.40,3,4057.50,6,4057.60,2,4057.70,11,4057.80,7,4057.90,9,Buy,35,19,54,16.00,28.00,1.00,1.30,30.8,4057.20,4057.80,4056.50,4056.80,35,102,137,-67.00,8.00,-67.00,1.80,66.7,-213,324,0.0000,0.7500,-69.00,-122.00,4063.52,-0.5464,DOWN,51.85,2.6422,0.9775
20260714 203607 736,4056.90,1,4056.80,4057.00,0.20,4056.80,2,4056.70,4,4056.50,6,4056.40,1,4056.30,6,4056.20,4,4056.10,8,4056.00,2,4055.90,4,4055.80,5,4057.00,1,4057.10,2,4057.20,3,4057.30,3,4057.40,3,4057.50,6,4057.60,2,4057.70,11,4057.80,7,4057.90,9,Buy,36,19,55,17.00,28.00,1.00,1.30,23.1,4057.20,4057.80,4056.50,4056.90,35,102,137,-67.00,8.00,-67.00,1.80,66.7,-213,324,0.0000,0.6471,-68.00,-121.00,4063.53,-0.5432,DOWN,51.85,2.6422,0.9775
20260714 203607 739,4056.90,1,4056.80,4057.00,0.20,4056.80,2,4056.70,4,4056.50,6,4056.40,1,4056.30,6,4056.20,4,4056.10,8,4056.00,2,4055.90,4,4055.80,5,4057.00,1,4057.10,2,4057.20,3,4057.30,3,4057.40,3,4057.50,6,4057.60,2,4057.70,11,4057.80,7,4057.90,9,Buy,37,19,56,18.00,28.00,1.00,1.30,23.1,4057.20,4057.80,4056.50,4056.90,35,102,137,-67.00,8.00,-67.00,1.80,66.7,-213,324,0.0000,0.5556,-67.00,-120.00,4063.53,-0.5432,DOWN,51.85,2.6422,0.9775
20260714 203607 762,4057.00,1,4056.80,4057.00,0.20,4056.80,2,4056.70,4,4056.50,6,4056.40,1,4056.30,6,4056.20,4,4056.10,8,4056.00,7,4055.90,9,4055.80,10,4057.00,1,4057.10,2,4057.20,3,4057.30,3,4057.40,3,4057.50,6,4057.60,2,4057.70,11,4057.80,7,4057.90,9,Buy,38,19,57,19.00,28.00,1.00,1.30,15.4,4057.20,4057.80,4056.50,4057.00,35,102,137,-67.00,8.00,-67.00,1.80,66.7,-213,324,0.0000,0.4737,-66.00,-119.00,4063.54,-0.5400,DOWN,51.85,2.6422,0.9775
20260714 203610 368,4056.80,1,4056.80,4057.00,0.20,4056.80,1,4056.70,2,4056.60,5,4056.50,3,4056.40,1,4056.30,6,4056.20,4,4056.10,8,4056.00,7,4055.90,9,4057.00,2,4057.10,2,4057.20,2,4057.30,3,4057.40,3,4057.50,6,4057.60,2,4057.70,6,4057.80,7,4057.90,9,Sell,38,20,58,18.00,28.00,1.00,1.30,30.8,4057.20,4057.80,4056.50,4056.80,35,102,137,-67.00,8.00,-67.00,1.80,66.7,-213,324,0.0000,0.5556,-67.00,-120.00,4063.52,-0.5464,DOWN,51.85,2.6422,0.9775
20260714 203610 368,4056.80,1,4056.80,4057.00,0.20,4056.80,1,4056.70,2,4056.60,5,4056.50,3,4056.40,1,4056.30,6,4056.20,4,4056.10,8,4056.00,7,4055.90,9,4057.00,2,4057.10,2,4057.20,2,4057.30,3,4057.40,3,4057.50,6,4057.60,2,4057.70,6,4057.80,7,4057.90,9,Sell,38,21,59,17.00,28.00,1.00,1.30,30.8,4057.20,4057.80,4056.50,4056.80,35,102,137,-67.00,8.00,-67.00,1.80,66.7,-213,324,0.0000,0.6471,-68.00,-121.00,4063.52,-0.5464,DOWN,51.85,2.6422,0.9775
20260714 203610 368,4056.80,1,4056.80,4057.00,0.20,4056.80,1,4056.70,2,4056.60,5,4056.50,3,4056.40,1,4056.30,6,4056.20,4,4056.10,8,4056.00,7,4055.90,9,4057.00,2,4057.10,2,4057.20,2,4057.30,3,4057.40,3,4057.50,6,4057.60,2,4057.70,6,4057.80,7,4057.90,9,Sell,38,22,60,16.00,28.00,1.00,1.30,30.8,4057.20,4057.80,4056.50,4056.80,35,102,137,-67.00,8.00,-67.00,1.80,66.7,-213,324,0.0000,0.7500,-69.00,-122.00,4063.52,-0.5464,DOWN,51.85,2.6422,0.9775
20260714 203610 368,4056.70,1,4056.80,4057.00,0.20,4056.80,1,4056.70,2,4056.60,5,4056.50,3,4056.40,1,4056.30,6,4056.20,4,4056.10,8,4056.00,7,4055.90,9,4057.00,2,4057.10,2,4057.20,2,4057.30,3,4057.40,3,4057.50,6,4057.60,2,4057.70,6,4057.80,7,4057.90,9,Sell,38,23,61,15.00,28.00,1.00,1.30,38.5,4057.20,4057.80,4056.50,4056.70,35,102,137,-67.00,8.00,-67.00,1.80,66.7,-213,324,0.0000,0.8667,-70.00,-123.00,4063.51,-0.5496,DOWN,51.85,2.6422,0.9775
20260714 203610 368,4056.70,1,4056.80,4057.00,0.20,4056.80,1,4056.70,2,4056.60,5,4056.50,3,4056.40,1,4056.30,6,4056.20,4,4056.10,8,4056.00,7,4055.90,9,4057.00,2,4057.10,2,4057.20,2,4057.30,3,4057.40,3,4057.50,6,4057.60,2,4057.70,6,4057.80,7,4057.90,9,Sell,38,24,62,14.00,28.00,1.00,1.30,38.5,4057.20,4057.80,4056.50,4056.70,35,102,137,-67.00,8.00,-67.00,1.80,66.7,-213,324,0.0000,1.0000,-71.00,-124.00,4063.51,-0.5496,DOWN,51.85,2.6422,0.9775
20260714 203610 368,4056.70,1,4056.80,4057.00,0.20,4056.80,1,4056.70,2,4056.60,5,4056.50,3,4056.40,1,4056.30,6,4056.20,4,4056.10,8,4056.00,7,4055.90,9,4057.00,2,4057.10,2,4057.20,2,4057.30,3,4057.40,3,4057.50,6,4057.60,2,4057.70,6,4057.80,7,4057.90,9,Sell,38,25,63,13.00,28.00,1.00,1.30,38.5,4057.20,4057.80,4056.50,4056.70,35,102,137,-67.00,8.00,-67.00,1.80,66.7,-213,324,0.0000,1.1538,-72.00,-125.00,4063.51,-0.5496,DOWN,51.85,2.6422,0.9775
20260714 203610 368,4056.50,4,4056.80,4057.00,0.20,4056.80,1,4056.70,2,4056.60,5,4056.50,3,4056.40,1,4056.30,6,4056.20,4,4056.10,8,4056.00,7,4055.90,9,4057.00,2,4057.10,2,4057.20,2,4057.30,3,4057.40,3,4057.50,6,4057.60,2,4057.70,6,4057.80,7,4057.90,9,Sell,38,29,67,9.00,28.00,1.00,1.30,53.8,4057.20,4057.80,4056.50,4056.50,35,102,137,-67.00,8.00,-67.00,1.80,66.7,-213,324,0.0000,2.1111,-76.00,-129.00,4063.49,-0.5559,DOWN,51.85,2.6422,0.9775
20260714 203610 740,4056.80,1,4056.70,4057.00,0.30,4056.70,2,4056.60,5,4056.50,3,4056.40,1,4056.30,6,4056.20,4,4056.10,8,4056.00,7,4055.90,9,4055.80,10,4057.00,2,4057.10,2,4057.20,2,4057.30,3,4057.40,3,4057.50,6,4057.60,2,4057.70,6,4057.80,7,4057.90,9,Sell,38,30,68,8.00,28.00,1.00,1.30,30.8,4057.20,4057.80,4056.50,4056.80,35,102,137,-67.00,8.00,-67.00,1.80,66.7,-213,324,0.0000,2.5000,-77.00,-130.00,4063.52,-0.5464,DOWN,51.85,2.6422,0.9775
20260714 203610 855,4056.60,1,4056.50,4056.80,0.30,4056.50,3,4056.40,1,4056.30,6,4056.20,4,4056.10,3,4056.00,7,4055.90,9,4055.80,10,4055.70,11,4055.60,7,4056.80,2,4056.90,1,4057.00,1,4057.10,3,4057.20,3,4057.30,4,4057.40,4,4057.50,6,4057.60,7,4057.70,11,Sell,38,31,69,7.00,28.00,1.00,1.30,46.2,4057.20,4057.80,4056.50,4056.60,35,102,137,-67.00,8.00,-67.00,1.80,66.7,-213,324,0.0000,3.0000,-78.00,-131.00,4063.50,-0.5527,DOWN,51.85,2.6422,0.9775
20260714 203610 855,4056.60,1,4056.50,4056.80,0.30,4056.50,3,4056.40,1,4056.30,6,4056.20,4,4056.10,3,4056.00,7,4055.90,9,4055.80,10,4055.70,11,4055.60,7,4056.80,2,4056.90,1,4057.00,1,4057.10,3,4057.20,3,4057.30,4,4057.40,4,4057.50,6,4057.60,7,4057.70,11,Sell,38,32,70,6.00,28.00,1.00,1.30,46.2,4057.20,4057.80,4056.50,4056.60,35,102,137,-67.00,8.00,-67.00,1.80,66.7,-213,324,0.0000,3.6667,-79.00,-132.00,4063.50,-0.5527,DOWN,51.85,2.6422,0.9775
20260714 203610 855,4056.60,1,4056.50,4056.80,0.30,4056.50,3,4056.40,1,4056.30,6,4056.20,4,4056.10,3,4056.00,7,4055.90,9,4055.80,10,4055.70,11,4055.60,7,4056.80,2,4056.90,1,4057.00,1,4057.10,3,4057.20,3,4057.30,4,4057.40,4,4057.50,6,4057.60,7,4057.70,11,Sell,38,33,71,5.00,28.00,1.00,1.30,46.2,4057.20,4057.80,4056.50,4056.60,35,102,137,-67.00,8.00,-67.00,1.80,66.7,-213,324,0.0000,4.6000,-80.00,-133.00,4063.50,-0.5527,DOWN,51.85,2.6422,0.9775
20260714 203610 855,4056.60,1,4056.50,4056.80,0.30,4056.50,3,4056.40,1,4056.30,6,4056.20,4,4056.10,3,4056.00,7,4055.90,9,4055.80,10,4055.70,11,4055.60,7,4056.80,2,4056.90,1,4057.00,1,4057.10,3,4057.20,3,4057.30,4,4057.40,4,4057.50,6,4057.60,7,4057.70,11,Sell,38,34,72,4.00,28.00,1.00,1.30,46.2,4057.20,4057.80,4056.50,4056.60,35,102,137,-67.00,8.00,-67.00,1.80,66.7,-213,324,0.0000,6.0000,-81.00,-134.00,4063.50,-0.5527,DOWN,51.85,2.6422,0.9775
20260714 203610 858,4056.70,1,4056.50,4056.80,0.30,4056.50,3,4056.40,1,4056.30,6,4056.20,4,4056.10,3,4056.00,7,4055.90,9,4055.80,10,4055.70,11,4055.60,7,4056.80,2,4056.90,1,4057.00,1,4057.10,3,4057.20,3,4057.30,4,4057.40,4,4057.50,6,4057.60,7,4057.70,11,Buy,39,34,73,5.00,28.00,1.00,1.30,38.5,4057.20,4057.80,4056.50,4056.70,35,102,137,-67.00,8.00,-67.00,1.80,66.7,-213,324,0.0000,4.6000,-80.00,-133.00,4063.51,-0.5496,DOWN,51.85,2.6422,0.9775
20260714 203611 505,4056.70,1,4056.50,4056.80,0.30,4056.50,2,4056.40,1,4056.30,6,4056.20,4,4056.10,3,4056.00,2,4055.90,9,4055.80,10,4055.70,11,4055.60,7,4056.80,2,4056.90,3,4057.00,1,4057.10,3,4057.20,3,4057.30,4,4057.40,4,4057.50,6,4057.60,7,4057.70,11,Buy,40,34,74,6.00,28.00,1.00,1.30,38.5,4057.20,4057.80,4056.50,4056.70,35,102,137,-67.00,8.00,-67.00,1.80,66.7,-213,324,0.0000,3.6667,-79.00,-132.00,4063.51,-0.5496,DOWN,51.85,2.6422,0.9775
20260714 203612 103,4056.80,1,4056.60,4056.80,0.20,4056.60,2,4056.50,3,4056.40,1,4056.30,5,4056.20,4,4056.10,3,4056.00,2,4055.90,9,4055.80,10,4055.70,11,4056.80,1,4056.90,3,4057.00,1,4057.10,3,4057.20,3,4057.30,4,4057.40,4,4057.50,6,4057.60,7,4057.70,11,Buy,41,34,75,7.00,28.00,1.00,1.30,30.8,4057.20,4057.80,4056.50,4056.80,35,102,137,-67.00,8.00,-67.00,1.80,66.7,-213,324,0.0000,3.0000,-78.00,-131.00,4063.52,-0.5464,DOWN,51.85,2.6422,0.9775
20260714 203612 930,4056.80,1,4056.60,4056.90,0.30,4056.60,2,4056.50,3,4056.40,1,4056.30,5,4056.20,4,4056.10,3,4056.00,2,4055.90,9,4055.80,10,4055.70,11,4056.90,3,4057.00,1,4057.10,3,4057.20,3,4057.30,4,4057.40,4,4057.50,6,4057.60,7,4057.70,11,4057.80,7,Buy,42,34,76,8.00,28.00,1.00,1.30,30.8,4057.20,4057.80,4056.50,4056.80,35,102,137,-67.00,8.00,-67.00,1.80,66.7,-213,324,0.0000,2.5000,-77.00,-130.00,4063.52,-0.5464,DOWN,51.85,2.6422,0.9775
20260714 203617 064,4056.90,1,4056.60,4056.90,0.30,4056.60,2,4056.50,4,4056.40,1,4056.30,5,4056.20,4,4056.10,3,4056.00,2,4055.90,9,4055.80,10,4055.70,11,4056.90,3,4057.00,2,4057.10,3,4057.20,3,4057.30,4,4057.40,4,4057.50,6,4057.60,8,4057.70,12,4057.80,7,Buy,43,34,77,9.00,28.00,1.00,1.30,23.1,4057.20,4057.80,4056.50,4056.90,35,102,137,-67.00,8.00,-67.00,1.80,66.7,-213,324,0.0000,2.1111,-76.00,-129.00,4063.53,-0.5432,DOWN,51.85,2.6422,0.9775
20260714 203617 234,4057.00,1,4056.90,4057.00,0.10,4056.90,2,4056.80,4,4056.70,6,4056.60,3,4056.50,4,4056.40,1,4056.30,10,4056.20,9,4056.10,8,4056.00,7,4057.20,3,4057.30,3,4057.40,4,4057.50,5,4057.60,3,4057.70,7,4057.80,3,4057.90,4,4058.00,8,4058.10,7,Buy,44,34,78,10.00,28.00,1.00,1.30,15.4,4057.20,4057.80,4056.50,4057.00,35,102,137,-67.00,8.00,-67.00,1.80,66.7,-213,324,0.0000,1.8000,-75.00,-128.00,4063.54,-0.5400,DOWN,51.85,2.6422,0.9775
20260714 203617 408,4057.00,1,4056.90,4057.10,0.20,4056.90,1,4056.80,4,4056.70,5,4056.60,3,4056.50,4,4056.40,1,4056.30,5,4056.20,9,4056.10,8,4056.00,7,4057.10,1,4057.20,2,4057.30,3,4057.40,4,4057.50,5,4057.60,3,4057.70,7,4057.80,3,4057.90,4,4058.00,8,Sell,44,35,79,9.00,28.00,1.00,1.30,15.4,4057.20,4057.80,4056.50,4057.00,35,102,137,-67.00,8.00,-67.00,1.80,66.7,-213,324,0.0000,2.1111,-76.00,-129.00,4063.54,-0.5400,DOWN,51.85,2.6422,0.9775
20260714 203617 410,4057.00,1,4056.90,4057.10,0.20,4056.90,1,4056.80,4,4056.70,5,4056.60,3,4056.50,4,4056.40,1,4056.30,5,4056.20,9,4056.10,8,4056.00,7,4057.10,1,4057.20,2,4057.30,3,4057.40,4,4057.50,5,4057.60,3,4057.70,7,4057.80,3,4057.90,4,4058.00,8,Buy,45,35,80,10.00,28.00,1.00,1.30,15.4,4057.20,4057.80,4056.50,4057.00,35,102,137,-67.00,8.00,-67.00,1.80,66.7,-213,324,0.0000,1.8000,-75.00,-128.00,4063.54,-0.5400,DOWN,51.85,2.6422,0.9775
20260714 203619 193,4056.80,1,4056.80,4057.00,0.20,4056.80,1,4056.70,4,4056.60,3,4056.50,4,4056.40,1,4056.30,5,4056.20,9,4056.10,8,4056.00,7,4055.90,9,4057.00,2,4057.10,2,4057.20,2,4057.30,3,4057.40,4,4057.50,5,4057.60,3,4057.70,7,4057.80,3,4057.90,9,Sell,45,36,81,9.00,28.00,1.00,1.30,30.8,4057.20,4057.80,4056.50,4056.80,35,102,137,-67.00,8.00,-67.00,1.80,66.7,-213,324,0.0000,2.1111,-76.00,-129.00,4063.52,-0.5464,DOWN,51.85,2.6422,0.9775
20260714 203619 460,4057.00,1,4056.80,4057.00,0.20,4056.80,2,4056.70,4,4056.60,3,4056.50,4,4056.40,1,4056.30,5,4056.20,9,4056.10,8,4056.00,7,4055.90,9,4057.00,1,4057.10,2,4057.20,2,4057.30,3,4057.40,4,4057.50,5,4057.60,3,4057.70,7,4057.80,3,4057.90,9,Buy,46,36,82,10.00,28.00,1.00,1.30,15.4,4057.20,4057.80,4056.50,4057.00,35,102,137,-67.00,8.00,-67.00,1.80,66.7,-213,324,0.0000,1.8000,-75.00,-128.00,4063.54,-0.5400,DOWN,51.85,2.6422,0.9775
20260714 203619 460,4057.00,1,4056.80,4057.00,0.20,4056.80,2,4056.70,4,4056.60,3,4056.50,4,4056.40,1,4056.30,5,4056.20,9,4056.10,8,4056.00,7,4055.90,9,4057.00,1,4057.10,2,4057.20,2,4057.30,3,4057.40,4,4057.50,5,4057.60,3,4057.70,7,4057.80,3,4057.90,9,Buy,47,36,83,11.00,28.00,1.00,1.30,15.4,4057.20,4057.80,4056.50,4057.00,35,102,137,-67.00,8.00,-67.00,1.80,66.7,-213,324,0.0000,1.5455,-74.00,-127.00,4063.54,-0.5400,DOWN,51.85,2.6422,0.9775
20260714 203619 460,4057.10,1,4056.80,4057.00,0.20,4056.80,2,4056.70,4,4056.60,3,4056.50,4,4056.40,1,4056.30,5,4056.20,9,4056.10,8,4056.00,7,4055.90,9,4057.00,1,4057.10,2,4057.20,2,4057.30,3,4057.40,4,4057.50,5,4057.60,3,4057.70,7,4057.80,3,4057.90,9,Buy,48,36,84,12.00,28.00,1.00,1.30,7.7,4057.20,4057.80,4056.50,4057.10,35,102,137,-67.00,8.00,-67.00,1.80,66.7,-213,324,0.0000,1.3333,-73.00,-126.00,4063.55,-0.5369,DOWN,51.85,2.6422,0.9775
20260714 203623 478,4057.10,1,4057.00,4057.30,0.30,4057.00,1,4056.90,1,4056.80,3,4056.70,4,4056.60,2,4056.50,4,4056.40,1,4056.30,5,4056.20,9,4056.10,8,4057.20,2,4057.30,3,4057.40,4,4057.50,5,4057.60,3,4057.70,7,4057.80,3,4057.90,9,4058.00,7,4058.10,7,Buy,49,36,85,13.00,28.00,1.00,1.30,7.7,4057.20,4057.80,4056.50,4057.10,35,102,137,-67.00,8.00,-67.00,1.80,66.7,-213,324,0.0000,1.1538,-72.00,-125.00,4063.55,-0.5369,DOWN,51.85,2.6422,0.9775
20260714 203623 478,4057.10,1,4057.00,4057.30,0.30,4057.00,1,4056.90,1,4056.80,3,4056.70,4,4056.60,2,4056.50,4,4056.40,1,4056.30,5,4056.20,9,4056.10,8,4057.20,2,4057.30,3,4057.40,4,4057.50,5,4057.60,3,4057.70,7,4057.80,3,4057.90,9,4058.00,7,4058.10,7,Buy,50,36,86,14.00,28.00,1.00,1.30,7.7,4057.20,4057.80,4056.50,4057.10,35,102,137,-67.00,8.00,-67.00,1.80,66.7,-213,324,0.0000,1.0000,-71.00,-124.00,4063.55,-0.5369,DOWN,51.85,2.6422,0.9775
20260714 203623 482,4057.30,1,4057.00,4057.30,0.30,4057.00,1,4056.90,1,4056.80,3,4056.70,4,4056.60,2,4056.50,4,4056.40,1,4056.30,5,4056.20,9,4056.10,8,4057.20,2,4057.30,3,4057.40,4,4057.50,5,4057.60,3,4057.70,7,4057.80,3,4057.90,9,4058.00,7,4058.10,7,Buy,51,36,87,15.00,28.00,1.00,1.30,7.7,4057.20,4057.80,4056.50,4057.30,35,102,137,-67.00,8.00,-67.00,1.80,66.7,-213,324,0.0000,0.8667,-70.00,-123.00,4063.57,-0.5305,DOWN,51.85,2.6422,0.9775
20260714 203638 589,4057.10,1,4057.10,4057.40,0.30,4057.10,62,4057.00,2,4056.90,1,4056.80,3,4056.70,5,4056.60,2,4056.50,4,4056.40,1,4056.30,10,4056.20,9,4057.40,3,4057.50,5,4057.60,4,4057.70,15,4057.80,3,4057.90,4,4058.00,1,4058.10,2,4058.20,9,4058.30,10,Sell,51,37,88,14.00,28.00,1.00,1.30,7.7,4057.20,4057.80,4056.50,4057.10,35,102,137,-67.00,8.00,-67.00,1.80,66.7,-213,324,0.0000,1.0000,-71.00,-124.00,4063.55,-0.5369,DOWN,51.85,2.6422,0.9775
20260714 203638 744,4057.40,1,4057.10,4057.40,0.30,4057.10,62,4057.00,2,4056.90,1,4056.80,3,4056.70,5,4056.60,2,4056.50,4,4056.40,1,4056.30,10,4056.20,9,4057.50,5,4057.60,4,4057.70,15,4057.80,3,4057.90,4,4058.00,1,4058.10,2,4058.20,9,4058.30,10,4058.40,11,Buy,52,37,89,15.00,28.00,1.00,1.30,15.4,4057.20,4057.80,4056.50,4057.40,35,102,137,-67.00,8.00,-67.00,1.80,66.7,-213,324,0.0000,0.8667,-70.00,-123.00,4063.58,-0.5274,DOWN,51.85,2.6422,0.9775
20260714 203638 744,4057.40,1,4057.10,4057.40,0.30,4057.10,62,4057.00,2,4056.90,1,4056.80,3,4056.70,5,4056.60,2,4056.50,4,4056.40,1,4056.30,10,4056.20,9,4057.50,5,4057.60,4,4057.70,15,4057.80,3,4057.90,4,4058.00,1,4058.10,2,4058.20,9,4058.30,10,4058.40,11,Buy,53,37,90,16.00,28.00,1.00,1.30,15.4,4057.20,4057.80,4056.50,4057.40,35,102,137,-67.00,8.00,-67.00,1.80,66.7,-213,324,0.0000,0.7500,-69.00,-122.00,4063.58,-0.5274,DOWN,51.85,2.6422,0.9775
20260714 203638 744,4057.40,1,4057.10,4057.40,0.30,4057.10,62,4057.00,2,4056.90,1,4056.80,3,4056.70,5,4056.60,2,4056.50,4,4056.40,1,4056.30,10,4056.20,9,4057.50,5,4057.60,4,4057.70,15,4057.80,3,4057.90,4,4058.00,1,4058.10,2,4058.20,9,4058.30,10,4058.40,11,Buy,54,37,91,17.00,28.00,1.00,1.30,15.4,4057.20,4057.80,4056.50,4057.40,35,102,137,-67.00,8.00,-67.00,1.80,66.7,-213,324,0.0000,0.6471,-68.00,-121.00,4063.58,-0.5274,DOWN,51.85,2.6422,0.9775
20260714 203639 775,4057.40,1,4057.20,4057.50,0.30,4057.20,3,4057.10,63,4057.00,3,4056.90,3,4056.80,3,4056.70,5,4056.60,8,4056.50,9,4056.40,6,4056.30,10,4057.50,2,4057.60,4,4057.70,14,4057.80,3,4057.90,4,4058.00,3,4058.10,2,4058.20,4,4058.30,11,4058.40,11,Buy,55,37,92,18.00,28.00,1.00,1.30,15.4,4057.20,4057.80,4056.50,4057.40,35,102,137,-67.00,8.00,-67.00,1.80,66.7,-213,324,0.0000,0.5556,-67.00,-120.00,4063.58,-0.5274,DOWN,51.85,2.6422,0.9775
20260714 203640 239,4057.50,1,4057.20,4057.50,0.30,4057.20,3,4057.10,63,4057.00,3,4056.90,3,4056.80,3,4056.70,5,4056.60,8,4056.50,9,4056.40,6,4056.30,10,4057.50,3,4057.60,4,4057.70,14,4057.80,3,4057.90,4,4058.00,3,4058.10,2,4058.20,4,4058.30,11,4058.40,11,Buy,56,37,93,19.00,28.00,1.00,1.30,23.1,4057.20,4057.80,4056.50,4057.50,35,102,137,-67.00,8.00,-67.00,1.80,66.7,-213,324,0.0000,0.4737,-66.00,-119.00,4063.59,-0.5242,DOWN,51.85,2.6422,0.9775
20260714 203644 883,4057.20,1,4057.10,4057.50,0.40,4057.10,63,4057.00,3,4056.90,3,4056.80,3,4056.70,5,4056.60,3,4056.50,4,4056.40,6,4056.30,10,4056.20,9,4057.50,4,4057.60,12,4057.70,7,4057.80,3,4057.90,4,4058.00,3,4058.10,2,4058.20,4,4058.30,11,4058.40,11,Sell,56,38,94,18.00,28.00,1.00,1.30,0.0,4057.20,4057.80,4056.50,4057.20,35,102,137,-67.00,8.00,-67.00,1.80,66.7,-213,324,0.0000,0.5556,-67.00,-120.00,4063.56,-0.5337,DOWN,51.85,2.6422,0.9775
20260714 203644 883,4057.20,1,4057.10,4057.50,0.40,4057.10,63,4057.00,3,4056.90,3,4056.80,3,4056.70,5,4056.60,3,4056.50,4,4056.40,6,4056.30,10,4056.20,9,4057.50,4,4057.60,12,4057.70,7,4057.80,3,4057.90,4,4058.00,3,4058.10,2,4058.20,4,4058.30,11,4058.40,11,Sell,56,39,95,17.00,28.00,1.00,1.30,0.0,4057.20,4057.80,4056.50,4057.20,35,102,137,-67.00,8.00,-67.00,1.80,66.7,-213,324,0.0000,0.6471,-68.00,-121.00,4063.56,-0.5337,DOWN,51.85,2.6422,0.9775
20260714 203656 048,4057.30,1,4057.30,4057.50,0.20,4057.20,1,4057.10,63,4057.00,3,4056.90,4,4056.80,4,4056.70,5,4056.60,3,4056.50,4,4056.40,6,4056.30,10,4057.40,5,4057.50,12,4057.60,5,4057.70,7,4057.80,3,4057.90,4,4058.00,3,4058.10,9,4058.20,11,4058.30,11,Buy,57,39,96,18.00,28.00,1.00,1.30,7.7,4057.20,4057.80,4056.50,4057.30,35,102,137,-67.00,8.00,-67.00,1.80,66.7,-213,324,0.0000,0.5556,-67.00,-120.00,4063.57,-0.5305,DOWN,51.85,2.6422,0.9775
20260714 203656 048,4057.30,1,4057.30,4057.50,0.20,4057.20,1,4057.10,63,4057.00,3,4056.90,4,4056.80,4,4056.70,5,4056.60,3,4056.50,4,4056.40,6,4056.30,10,4057.40,5,4057.50,12,4057.60,5,4057.70,7,4057.80,3,4057.90,4,4058.00,3,4058.10,9,4058.20,11,4058.30,11,Buy,58,39,97,19.00,28.00,1.00,1.30,7.7,4057.20,4057.80,4056.50,4057.30,35,102,137,-67.00,8.00,-67.00,1.80,66.7,-213,324,0.0000,0.4737,-66.00,-119.00,4063.57,-0.5305,DOWN,51.85,2.6422,0.9775
20260714 203656 048,4057.30,1,4057.30,4057.50,0.20,4057.20,1,4057.10,63,4057.00,3,4056.90,4,4056.80,4,4056.70,5,4056.60,3,4056.50,4,4056.40,6,4056.30,10,4057.40,5,4057.50,12,4057.60,5,4057.70,7,4057.80,3,4057.90,4,4058.00,3,4058.10,9,4058.20,11,4058.30,11,Buy,59,39,98,20.00,28.00,1.00,1.30,7.7,4057.20,4057.80,4056.50,4057.30,35,102,137,-67.00,8.00,-67.00,1.80,66.7,-213,324,0.0000,0.4000,-65.00,-118.00,4063.57,-0.5305,DOWN,51.85,2.6422,0.9775
20260714 203656 109,4057.40,1,4057.30,4057.50,0.20,4057.20,1,4057.10,63,4057.00,3,4056.90,4,4056.80,4,4056.70,5,4056.60,3,4056.50,4,4056.40,6,4056.30,10,4057.40,5,4057.50,12,4057.60,5,4057.70,7,4057.80,3,4057.90,4,4058.00,3,4058.10,9,4058.20,11,4058.30,11,Buy,60,39,99,21.00,28.00,1.00,1.30,15.4,4057.20,4057.80,4056.50,4057.40,35,102,137,-67.00,8.00,-67.00,1.80,66.7,-213,324,0.0000,0.3333,-64.00,-117.00,4063.58,-0.5274,DOWN,51.85,2.6422,0.9775
20260714 203656 109,4057.40,1,4057.30,4057.50,0.20,4057.20,1,4057.10,63,4057.00,3,4056.90,4,4056.80,4,4056.70,5,4056.60,3,4056.50,4,4056.40,6,4056.30,10,4057.40,5,4057.50,12,4057.60,5,4057.70,7,4057.80,3,4057.90,4,4058.00,3,4058.10,9,4058.20,11,4058.30,11,Buy,61,39,100,22.00,28.00,1.00,1.30,15.4,4057.20,4057.80,4056.50,4057.40,35,102,137,-67.00,8.00,-67.00,1.80,66.7,-213,324,0.0000,0.2727,-63.00,-116.00,4063.58,-0.5274,DOWN,51.85,2.6422,0.9775
20260714 203656 109,4057.40,1,4057.30,4057.50,0.20,4057.20,1,4057.10,63,4057.00,3,4056.90,4,4056.80,4,4056.70,5,4056.60,3,4056.50,4,4056.40,6,4056.30,10,4057.40,5,4057.50,12,4057.60,5,4057.70,7,4057.80,3,4057.90,4,4058.00,3,4058.10,9,4058.20,11,4058.30,11,Buy,62,39,101,23.00,28.00,1.00,1.30,15.4,4057.20,4057.80,4056.50,4057.40,35,102,137,-67.00,8.00,-67.00,1.80,66.7,-213,324,0.0000,0.2174,-62.00,-115.00,4063.58,-0.5274,DOWN,51.85,2.6422,0.9775
20260714 203656 111,4057.30,1,4057.30,4057.50,0.20,4057.20,1,4057.10,63,4057.00,3,4056.90,4,4056.80,4,4056.70,5,4056.60,3,4056.50,4,4056.40,6,4056.30,10,4057.40,5,4057.50,12,4057.60,5,4057.70,7,4057.80,3,4057.90,4,4058.00,3,4058.10,9,4058.20,11,4058.30,11,Sell,62,40,102,22.00,28.00,1.00,1.30,7.7,4057.20,4057.80,4056.50,4057.30,35,102,137,-67.00,8.00,-67.00,1.80,66.7,-213,324,0.0000,0.2727,-63.00,-116.00,4063.57,-0.5305,DOWN,51.85,2.6422,0.9775
20260714 203656 111,4057.20,1,4057.30,4057.50,0.20,4057.20,1,4057.10,63,4057.00,3,4056.90,4,4056.80,4,4056.70,5,4056.60,3,4056.50,4,4056.40,6,4056.30,10,4057.40,5,4057.50,12,4057.60,5,4057.70,7,4057.80,3,4057.90,4,4058.00,3,4058.10,9,4058.20,11,4058.30,11,Sell,62,41,103,21.00,28.00,1.00,1.30,0.0,4057.20,4057.80,4056.50,4057.20,35,102,137,-67.00,8.00,-67.00,1.80,66.7,-213,324,0.0000,0.3333,-64.00,-117.00,4063.56,-0.5337,DOWN,51.85,2.6422,0.9775
20260714 203656 112,4057.20,1,4056.60,4056.80,0.20,4056.60,1,4056.50,4,4056.40,1,4056.30,5,4056.20,4,4056.10,3,4056.00,2,4055.90,4,4055.80,10,4055.70,9,4056.80,3,4056.90,5,4057.00,5,4057.10,6,4057.20,6,4057.30,6,4057.40,9,4057.50,20,4057.60,10,4057.70,12,Sell,62,42,104,20.00,28.00,1.00,1.30,0.0,4057.20,4057.80,4056.50,4057.20,35,102,137,-67.00,8.00,-67.00,1.80,66.7,-213,324,0.0000,0.4000,-65.00,-118.00,4063.56,-0.5337,DOWN,51.85,2.6422,0.9775
20260714 203656 112,4057.20,1,4056.60,4056.80,0.20,4056.60,1,4056.50,4,4056.40,1,4056.30,5,4056.20,4,4056.10,3,4056.00,2,4055.90,4,4055.80,10,4055.70,9,4056.80,3,4056.90,5,4057.00,5,4057.10,6,4057.20,6,4057.30,6,4057.40,9,4057.50,20,4057.60,10,4057.70,12,Sell,62,43,105,19.00,28.00,1.00,1.30,0.0,4057.20,4057.80,4056.50,4057.20,35,102,137,-67.00,8.00,-67.00,1.80,66.7,-213,324,0.0000,0.4737,-66.00,-119.00,4063.56,-0.5337,DOWN,51.85,2.6422,0.9775
20260714 203656 112,4057.10,1,4056.60,4056.80,0.20,4056.60,1,4056.50,4,4056.40,1,4056.30,5,4056.20,4,4056.10,3,4056.00,2,4055.90,4,4055.80,10,4055.70,9,4056.80,3,4056.90,5,4057.00,5,4057.10,6,4057.20,6,4057.30,6,4057.40,9,4057.50,20,4057.60,10,4057.70,12,Sell,62,44,106,18.00,28.00,1.00,1.30,7.7,4057.20,4057.80,4056.50,4057.10,35,102,137,-67.00,8.00,-67.00,1.80,66.7,-213,324,0.0000,0.5556,-67.00,-120.00,4063.55,-0.5369,DOWN,51.85,2.6422,0.9775
20260714 203656 112,4057.10,7,4056.60,4056.80,0.20,4056.60,1,4056.50,4,4056.40,1,4056.30,5,4056.20,4,4056.10,3,4056.00,2,4055.90,4,4055.80,10,4055.70,9,4056.80,3,4056.90,5,4057.00,5,4057.10,6,4057.20,6,4057.30,6,4057.40,9,4057.50,20,4057.60,10,4057.70,12,Sell,62,51,113,11.00,28.00,1.00,1.30,7.7,4057.20,4057.80,4056.50,4057.10,35,102,137,-67.00,8.00,-67.00,1.80,66.7,-213,324,0.0000,1.5455,-74.00,-127.00,4063.55,-0.5369,DOWN,51.85,2.6422,0.9775
20260714 203656 113,4057.10,1,4056.60,4056.80,0.20,4056.60,1,4056.50,4,4056.40,1,4056.30,5,4056.20,4,4056.10,3,4056.00,2,4055.90,4,4055.80,10,4055.70,9,4056.80,3,4056.90,5,4057.00,5,4057.10,6,4057.20,6,4057.30,6,4057.40,9,4057.50,20,4057.60,10,4057.70,12,Sell,62,52,114,10.00,28.00,1.00,1.30,7.7,4057.20,4057.80,4056.50,4057.10,35,102,137,-67.00,8.00,-67.00,1.80,66.7,-213,324,0.0000,1.8000,-75.00,-128.00,4063.55,-0.5369,DOWN,51.85,2.6422,0.9775
20260714 203656 115,4057.10,14,4056.60,4056.80,0.20,4056.60,1,4056.50,4,4056.40,1,4056.30,5,4056.20,4,4056.10,3,4056.00,2,4055.90,4,4055.80,10,4055.70,9,4056.80,3,4056.90,5,4057.00,5,4057.10,6,4057.20,6,4057.30,6,4057.40,9,4057.50,20,4057.60,10,4057.70,12,Sell,62,66,128,-4.00,28.00,-4.00,1.30,7.7,4057.20,4057.80,4056.50,4057.10,35,102,137,-67.00,8.00,-67.00,1.80,66.7,-213,324,0.0000,0.0000,-89.00,-142.00,4063.55,-0.5369,DOWN,51.85,2.6422,0.9775
20260714 203656 115,4057.10,13,4056.60,4056.80,0.20,4056.60,1,4056.50,4,4056.40,1,4056.30,5,4056.20,4,4056.10,3,4056.00,2,4055.90,4,4055.80,10,4055.70,9,4056.80,3,4056.90,5,4057.00,5,4057.10,6,4057.20,6,4057.30,6,4057.40,9,4057.50,20,4057.60,10,4057.70,12,Sell,62,79,141,-17.00,28.00,-17.00,1.30,7.7,4057.20,4057.80,4056.50,4057.10,35,102,137,-67.00,8.00,-67.00,1.80,66.7,-213,324,0.0000,0.0000,-102.00,-155.00,4063.55,-0.5369,DOWN,51.85,2.6422,0.9775
20260714 203656 117,4057.10,25,4056.60,4056.80,0.20,4056.60,1,4056.50,4,4056.40,1,4056.30,5,4056.20,4,4056.10,3,4056.00,2,4055.90,4,4055.80,10,4055.70,9,4056.80,3,4056.90,5,4057.00,5,4057.10,6,4057.20,6,4057.30,6,4057.40,9,4057.50,20,4057.60,10,4057.70,12,Sell,62,104,166,-42.00,28.00,-42.00,1.30,7.7,4057.20,4057.80,4056.50,4057.10,35,102,137,-67.00,8.00,-67.00,1.80,66.7,-213,324,0.0000,0.0000,-127.00,-180.00,4063.55,-0.5369,DOWN,51.85,2.6422,0.9775
20260714 203656 122,4056.90,1,4056.60,4056.80,0.20,4056.60,1,4056.50,4,4056.40,1,4056.30,5,4056.20,4,4056.10,3,4056.00,2,4055.90,4,4055.80,10,4055.70,9,4056.80,3,4056.90,5,4057.00,5,4057.10,6,4057.20,6,4057.30,6,4057.40,9,4057.50,20,4057.60,10,4057.70,12,Sell,62,105,167,-43.00,28.00,-43.00,1.30,23.1,4057.20,4057.80,4056.50,4056.90,35,102,137,-67.00,8.00,-67.00,1.80,66.7,-213,324,0.0000,0.0000,-128.00,-181.00,4063.53,-0.5432,DOWN,51.85,2.6422,0.9775
20260714 203656 132,4056.80,1,4056.60,4056.80,0.20,4056.60,1,4056.50,4,4056.40,1,4056.30,5,4056.20,4,4056.10,3,4056.00,2,4055.90,4,4055.80,10,4055.70,9,4056.80,3,4056.90,5,4057.00,5,4057.10,6,4057.20,6,4057.30,6,4057.40,9,4057.50,20,4057.60,10,4057.70,12,Sell,62,106,168,-44.00,28.00,-44.00,1.30,30.8,4057.20,4057.80,4056.50,4056.80,35,102,137,-67.00,8.00,-67.00,1.80,66.7,-213,324,0.0000,0.0000,-129.00,-182.00,4063.52,-0.5464,DOWN,51.85,2.6422,0.9775
20260714 203658 344,4056.80,1,4056.70,4057.00,0.30,4056.70,3,4056.60,3,4056.50,4,4056.40,1,4056.30,5,4056.20,4,4056.10,3,4056.00,2,4055.90,9,4055.80,10,4057.00,4,4057.10,5,4057.20,5,4057.30,6,4057.40,9,4057.50,16,4057.60,10,4057.70,12,4057.80,8,4057.90,9,Buy,63,106,169,-43.00,28.00,-44.00,1.30,30.8,4057.20,4057.80,4056.50,4056.80,35,102,137,-67.00,8.00,-67.00,1.80,66.7,-213,324,0.0000,0.0233,-128.00,-181.00,4063.52,-0.5464,DOWN,51.85,2.6422,0.9775
20260714 203703 830,4056.90,1,4056.90,4057.10,0.20,4056.90,1,4056.80,2,4056.70,3,4056.60,4,4056.50,5,4056.40,2,4056.30,5,4056.20,9,4056.10,8,4056.00,7,4057.10,5,4057.20,4,4057.30,14,4057.40,8,4057.50,6,4057.60,6,4057.70,7,4057.80,3,4057.90,9,4058.00,8,Sell,0,1,1,-1.00,-1.00,-1.00,0.00,0.0,4056.90,4056.90,4056.90,4056.90,63,106,169,-43.00,28.00,-44.00,1.30,30.8,-174,81,0.0233,0.0000,-130.00,-130.00,4063.53,-0.5432,DOWN,59.55,2.8380,0.9148
20260714 203712 908,4056.80,1,4056.80,4057.00,0.20,4056.70,3,4056.60,4,4056.50,5,4056.40,2,4056.30,5,4056.20,4,4056.10,8,4056.00,7,4055.90,9,4055.80,10,4057.00,3,4057.10,5,4057.20,4,4057.30,15,4057.40,7,4057.50,6,4057.60,6,4057.70,7,4057.80,3,4057.90,9,Sell,0,2,2,-2.00,-1.00,-2.00,0.10,100.0,4056.90,4056.90,4056.80,4056.80,63,106,169,-43.00,28.00,-44.00,1.30,30.8,-174,81,0.0233,0.0000,-131.00,-131.00,4063.52,-0.5464,DOWN,59.55,2.8380,0.9148
20260714 203715 896,4057.00,1,4056.90,4057.10,0.20,4056.90,2,4056.80,4,4056.70,3,4056.60,4,4056.50,5,4056.40,2,4056.30,5,4056.20,9,4056.10,8,4056.00,7,4057.10,2,4057.20,11,4057.30,6,4057.40,7,4057.50,6,4057.60,6,4057.70,7,4057.80,3,4057.90,9,4058.00,8,Sell,0,3,3,-3.00,-1.00,-3.00,0.20,50.0,4056.90,4057.00,4056.80,4057.00,63,106,169,-43.00,28.00,-44.00,1.30,30.8,-174,81,0.0233,0.0000,-132.00,-132.00,4063.54,-0.5400,DOWN,59.55,2.8380,0.9219
20260714 203716 785,4056.90,1,4056.90,4057.10,0.20,4056.90,1,4056.80,4,4056.70,3,4056.60,4,4056.50,5,4056.40,2,4056.30,5,4056.20,9,4056.10,8,4056.00,7,4057.10,4,4057.20,11,4057.30,6,4057.40,7,4057.50,6,4057.60,6,4057.70,7,4057.80,3,4057.90,9,4058.00,8,Sell,0,4,4,-4.00,-1.00,-4.00,0.20,0.0,4056.90,4057.00,4056.80,4056.90,63,106,169,-43.00,28.00,-44.00,1.30,30.8,-174,81,0.0233,0.0000,-133.00,-133.00,4063.53,-0.5432,DOWN,59.55,2.8380,0.9219
20260714 203716 785,4056.90,1,4056.90,4057.10,0.20,4056.90,1,4056.80,4,4056.70,3,4056.60,4,4056.50,5,4056.40,2,4056.30,5,4056.20,9,4056.10,8,4056.00,7,4057.10,4,4057.20,11,4057.30,6,4057.40,7,4057.50,6,4057.60,6,4057.70,7,4057.80,3,4057.90,9,4058.00,8,Sell,0,5,5,-5.00,-1.00,-5.00,0.20,0.0,4056.90,4057.00,4056.80,4056.90,63,106,169,-43.00,28.00,-44.00,1.30,30.8,-174,81,0.0233,0.0000,-134.00,-134.00,4063.53,-0.5432,DOWN,59.55,2.8380,0.9219
20260714 203716 785,4056.80,1,4056.90,4057.10,0.20,4056.90,1,4056.80,4,4056.70,3,4056.60,4,4056.50,5,4056.40,2,4056.30,5,4056.20,9,4056.10,8,4056.00,7,4057.10,4,4057.20,11,4057.30,6,4057.40,7,4057.50,6,4057.60,6,4057.70,7,4057.80,3,4057.90,9,4058.00,8,Sell,0,6,6,-6.00,-1.00,-6.00,0.20,50.0,4056.90,4057.00,4056.80,4056.80,63,106,169,-43.00,28.00,-44.00,1.30,30.8,-174,81,0.0233,0.0000,-135.00,-135.00,4063.52,-0.5464,DOWN,59.55,2.8380,0.9219
20260714 203717 304,4056.90,1,4056.80,4057.00,0.20,4056.80,1,4056.70,3,4056.60,3,4056.50,5,4056.40,2,4056.30,5,4056.20,4,4056.10,8,4056.00,7,4055.90,9,4057.00,3,4057.10,7,4057.20,12,4057.30,6,4057.40,7,4057.50,6,4057.60,6,4057.70,7,4057.80,11,4057.90,12,Sell,0,7,7,-7.00,-1.00,-7.00,0.20,0.0,4056.90,4057.00,4056.80,4056.90,63,106,169,-43.00,28.00,-44.00,1.30,30.8,-174,81,0.0233,0.0000,-136.00,-136.00,4063.53,-0.5432,DOWN,59.55,2.8380,0.9219
20260714 203718 454,4057.10,1,4056.80,4057.00,0.20,4056.80,2,4056.70,3,4056.60,3,4056.50,5,4056.40,2,4056.30,5,4056.20,4,4056.10,8,4056.00,7,4055.90,9,4057.00,1,4057.10,4,4057.20,12,4057.30,6,4057.40,7,4057.50,6,4057.60,6,4057.70,7,4057.80,8,4057.90,9,Buy,1,7,8,-6.00,-1.00,-7.00,0.30,66.7,4056.90,4057.10,4056.80,4057.10,63,106,169,-43.00,28.00,-44.00,1.30,30.8,-174,81,0.0233,0.1667,-135.00,-135.00,4063.55,-0.5369,DOWN,59.55,2.8380,0.9291
20260714 203718 455,4057.10,1,4056.80,4057.00,0.20,4056.80,2,4056.70,3,4056.60,3,4056.50,5,4056.40,2,4056.30,5,4056.20,4,4056.10,8,4056.00,7,4055.90,9,4057.00,1,4057.10,4,4057.20,12,4057.30,6,4057.40,7,4057.50,6,4057.60,6,4057.70,7,4057.80,8,4057.90,9,Buy,2,7,9,-5.00,-1.00,-7.00,0.30,66.7,4056.90,4057.10,4056.80,4057.10,63,106,169,-43.00,28.00,-44.00,1.30,30.8,-174,81,0.0233,0.4000,-134.00,-134.00,4063.55,-0.5369,DOWN,59.55,2.8380,0.9291
20260714 203722 885,4056.80,1,4056.70,4057.00,0.30,4056.70,4,4056.60,3,4056.50,5,4056.40,2,4056.30,5,4056.20,4,4056.10,8,4056.00,7,4055.90,9,4055.80,10,4057.00,2,4057.10,4,4057.20,12,4057.30,6,4057.40,7,4057.50,6,4057.60,6,4057.70,7,4057.80,8,4057.90,9,Sell,2,8,10,-6.00,-1.00,-7.00,0.30,33.3,4056.90,4057.10,4056.80,4056.80,63,106,169,-43.00,28.00,-44.00,1.30,30.8,-174,81,0.0233,0.1667,-135.00,-135.00,4063.52,-0.5464,DOWN,59.55,2.8380,0.9291
20260714 203722 885,4056.80,1,4056.70,4057.00,0.30,4056.70,4,4056.60,3,4056.50,5,4056.40,2,4056.30,5,4056.20,4,4056.10,8,4056.00,7,4055.90,9,4055.80,10,4057.00,2,4057.10,4,4057.20,12,4057.30,6,4057.40,7,4057.50,6,4057.60,6,4057.70,7,4057.80,8,4057.90,9,Sell,2,9,11,-7.00,-1.00,-7.00,0.30,33.3,4056.90,4057.10,4056.80,4056.80,63,106,169,-43.00,28.00,-44.00,1.30,30.8,-174,81,0.0233,0.0000,-136.00,-136.00,4063.52,-0.5464,DOWN,59.55,2.8380,0.9291
20260714 203724 721,4057.00,1,4056.70,4057.00,0.30,4056.70,4,4056.60,3,4056.50,5,4056.40,2,4056.30,5,4056.20,4,4056.10,8,4056.00,7,4055.90,9,4055.80,10,4057.00,1,4057.10,4,4057.20,12,4057.30,6,4057.40,7,4057.50,6,4057.60,6,4057.70,7,4057.80,8,4057.90,9,Buy,3,9,12,-6.00,-1.00,-7.00,0.30,33.3,4056.90,4057.10,4056.80,4057.00,63,106,169,-43.00,28.00,-44.00,1.30,30.8,-174,81,0.0233,0.1667,-135.00,-135.00,4063.54,-0.5400,DOWN,59.55,2.8380,0.9291
20260714 203736 254,4057.20,1,4057.00,4057.20,0.20,4057.00,2,4056.90,3,4056.80,4,4056.70,4,4056.60,3,4056.50,5,4056.40,2,4056.30,5,4056.20,4,4056.10,8,4057.20,10,4057.30,6,4057.40,7,4057.50,6,4057.60,6,4057.70,7,4057.80,10,4057.90,9,4058.00,8,4058.10,7,Buy,4,9,13,-5.00,-1.00,-7.00,0.40,75.0,4056.90,4057.20,4056.80,4057.20,63,106,169,-43.00,28.00,-44.00,1.30,30.8,-174,81,0.0233,0.4000,-134.00,-134.00,4063.56,-0.5337,DOWN,59.55,2.8380,0.9362
20260714 203736 276,4057.00,1,4056.90,4057.10,0.20,4056.90,2,4056.80,4,4056.70,4,4056.60,3,4056.50,5,4056.40,2,4056.30,5,4056.20,4,4056.10,8,4056.00,7,4057.10,1,4057.20,13,4057.30,5,4057.40,7,4057.50,6,4057.60,6,4057.70,7,4057.80,3,4057.90,9,4058.00,8,Sell,4,10,14,-6.00,-1.00,-7.00,0.40,25.0,4056.90,4057.20,4056.80,4057.00,63,106,169,-43.00,28.00,-44.00,1.30,30.8,-174,81,0.0233,0.1667,-135.00,-135.00,4063.54,-0.5400,DOWN,59.55,2.8380,0.9362
20260714 203746 354,4057.10,1,4056.70,4056.80,0.10,4056.70,1,4056.60,2,4056.50,4,4056.40,2,4056.30,5,4056.20,4,4056.10,4,4056.00,3,4055.90,9,4055.80,9,4056.80,2,4056.90,3,4057.00,3,4057.10,6,4057.20,13,4057.30,4,4057.40,7,4057.50,6,4057.60,11,4057.70,12,Sell,4,11,15,-7.00,-1.00,-7.00,0.40,50.0,4056.90,4057.20,4056.80,4057.10,63,106,169,-43.00,28.00,-44.00,1.30,30.8,-174,81,0.0233,0.0000,-136.00,-136.00,4063.55,-0.5369,DOWN,59.55,2.8380,0.9362
20260714 203746 361,4056.90,1,4056.70,4056.80,0.10,4056.70,1,4056.60,2,4056.50,4,4056.40,2,4056.30,5,4056.20,4,4056.10,4,4056.00,3,4055.90,9,4055.80,9,4056.80,2,4056.90,3,4057.00,3,4057.10,6,4057.20,13,4057.30,4,4057.40,7,4057.50,6,4057.60,11,4057.70,12,Sell,4,12,16,-8.00,-1.00,-8.00,0.40,0.0,4056.90,4057.20,4056.80,4056.90,63,106,169,-43.00,28.00,-44.00,1.30,30.8,-174,81,0.0233,0.0000,-137.00,-137.00,4063.53,-0.5432,DOWN,59.55,2.8380,0.9362
20260714 203746 361,4056.90,1,4056.70,4056.80,0.10,4056.70,1,4056.60,2,4056.50,4,4056.40,2,4056.30,5,4056.20,4,4056.10,4,4056.00,3,4055.90,9,4055.80,9,4056.80,2,4056.90,3,4057.00,3,4057.10,6,4057.20,13,4057.30,4,4057.40,7,4057.50,6,4057.60,11,4057.70,12,Sell,4,13,17,-9.00,-1.00,-9.00,0.40,0.0,4056.90,4057.20,4056.80,4056.90,63,106,169,-43.00,28.00,-44.00,1.30,30.8,-174,81,0.0233,0.0000,-138.00,-138.00,4063.53,-0.5432,DOWN,59.55,2.8380,0.9362
20260714 203746 361,4056.90,1,4056.70,4056.80,0.10,4056.70,1,4056.60,2,4056.50,4,4056.40,2,4056.30,5,4056.20,4,4056.10,4,4056.00,3,4055.90,9,4055.80,9,4056.80,2,4056.90,3,4057.00,3,4057.10,6,4057.20,13,4057.30,4,4057.40,7,4057.50,6,4057.60,11,4057.70,12,Sell,4,14,18,-10.00,-1.00,-10.00,0.40,0.0,4056.90,4057.20,4056.80,4056.90,63,106,169,-43.00,28.00,-44.00,1.30,30.8,-174,81,0.0233,0.0000,-139.00,-139.00,4063.53,-0.5432,DOWN,59.55,2.8380,0.9362
20260714 203746 361,4056.80,1,4056.70,4056.80,0.10,4056.70,1,4056.60,2,4056.50,4,4056.40,2,4056.30,5,4056.20,4,4056.10,4,4056.00,3,4055.90,9,4055.80,9,4056.80,2,4056.90,3,4057.00,3,4057.10,6,4057.20,13,4057.30,4,4057.40,7,4057.50,6,4057.60,11,4057.70,12,Sell,4,15,19,-11.00,-1.00,-11.00,0.40,25.0,4056.90,4057.20,4056.80,4056.80,63,106,169,-43.00,28.00,-44.00,1.30,30.8,-174,81,0.0233,0.0000,-140.00,-140.00,4063.52,-0.5464,DOWN,59.55,2.8380,0.9362
20260714 203746 361,4056.80,1,4056.70,4056.80,0.10,4056.70,1,4056.60,2,4056.50,4,4056.40,2,4056.30,5,4056.20,4,4056.10,4,4056.00,3,4055.90,9,4055.80,9,4056.80,2,4056.90,3,4057.00,3,4057.10,6,4057.20,13,4057.30,4,4057.40,7,4057.50,6,4057.60,11,4057.70,12,Sell,4,16,20,-12.00,-1.00,-12.00,0.40,25.0,4056.90,4057.20,4056.80,4056.80,63,106,169,-43.00,28.00,-44.00,1.30,30.8,-174,81,0.0233,0.0000,-141.00,-141.00,4063.52,-0.5464,DOWN,59.55,2.8380,0.9362
20260714 203746 365,4056.90,1,4056.70,4056.80,0.10,4056.70,1,4056.60,2,4056.50,4,4056.40,2,4056.30,5,4056.20,4,4056.10,4,4056.00,3,4055.90,9,4055.80,9,4056.80,2,4056.90,3,4057.00,3,4057.10,6,4057.20,13,4057.30,4,4057.40,7,4057.50,6,4057.60,11,4057.70,12,Buy,5,16,21,-11.00,-1.00,-12.00,0.40,0.0,4056.90,4057.20,4056.80,4056.90,63,106,169,-43.00,28.00,-44.00,1.30,30.8,-174,81,0.0233,0.0909,-140.00,-140.00,4063.53,-0.5432,DOWN,59.55,2.8380,0.9362
20260714 203748 569,4056.90,1,4056.80,4056.90,0.10,4056.80,2,4056.70,2,4056.60,2,4056.50,4,4056.40,2,4056.30,5,4056.20,4,4056.10,4,4056.00,3,4055.90,9,4056.90,3,4057.00,3,4057.10,14,4057.20,5,4057.30,4,4057.40,7,4057.50,6,4057.60,11,4057.70,12,4057.80,8,Buy,6,16,22,-10.00,-1.00,-12.00,0.40,0.0,4056.90,4057.20,4056.80,4056.90,63,106,169,-43.00,28.00,-44.00,1.30,30.8,-174,81,0.0233,0.2000,-139.00,-139.00,4063.53,-0.5432,DOWN,59.55,2.8380,0.9362
20260714 203748 569,4056.90,1,4056.80,4056.90,0.10,4056.80,2,4056.70,2,4056.60,2,4056.50,4,4056.40,2,4056.30,5,4056.20,4,4056.10,4,4056.00,3,4055.90,9,4056.90,3,4057.00,3,4057.10,14,4057.20,5,4057.30,4,4057.40,7,4057.50,6,4057.60,11,4057.70,12,4057.80,8,Buy,7,16,23,-9.00,-1.00,-12.00,0.40,0.0,4056.90,4057.20,4056.80,4056.90,63,106,169,-43.00,28.00,-44.00,1.30,30.8,-174,81,0.0233,0.3333,-138.00,-138.00,4063.53,-0.5432,DOWN,59.55,2.8380,0.9362
20260714 203801 047,4057.00,1,4056.80,4057.00,0.20,4056.80,4,4056.70,4,4056.60,2,4056.50,5,4056.40,2,4056.30,5,4056.20,4,4056.10,9,4056.00,8,4055.90,9,4057.00,1,4057.10,12,4057.20,2,4057.30,4,4057.40,6,4057.50,6,4057.60,6,4057.70,7,4057.80,8,4057.90,9,Buy,1,0,1,1.00,1.00,1.00,0.00,0.0,4057.00,4057.00,4057.00,4057.00,7,16,23,-9.00,-1.00,-12.00,0.40,0.0,-9,33,0.3333,0.0000,-128.00,-90.00,4063.54,-0.5400,DOWN,59.40,0.3872,0.8765
20260714 203801 468,4057.00,1,4056.90,4057.10,0.20,4056.90,2,4056.80,3,4056.70,4,4056.60,3,4056.50,5,4056.40,2,4056.30,5,4056.20,4,4056.10,9,4056.00,8,4057.10,11,4057.20,2,4057.30,4,4057.40,6,4057.50,6,4057.60,6,4057.70,7,4057.80,8,4057.90,9,4058.00,8,Buy,2,0,2,2.00,2.00,1.00,0.00,0.0,4057.00,4057.00,4057.00,4057.00,7,16,23,-9.00,-1.00,-12.00,0.40,0.0,-9,33,0.3333,0.0000,-127.00,-89.00,4063.54,-0.5400,DOWN,59.40,0.3872,0.8765
20260714 203801 540,4056.90,1,4056.80,4057.10,0.30,4056.80,3,4056.70,5,4056.60,3,4056.50,5,4056.40,2,4056.30,5,4056.20,4,4056.10,9,4056.00,8,4055.90,9,4057.10,11,4057.20,2,4057.30,4,4057.40,6,4057.50,6,4057.60,6,4057.70,7,4057.80,8,4057.90,9,4058.00,8,Sell,2,1,3,1.00,2.00,1.00,0.10,100.0,4057.00,4057.00,4056.90,4056.90,7,16,23,-9.00,-1.00,-12.00,0.40,0.0,-9,33,0.3333,1.0000,-128.00,-90.00,4063.53,-0.5432,DOWN,59.40,0.3872,0.8765
20260714 203801 540,4056.90,1,4056.80,4057.10,0.30,4056.80,3,4056.70,5,4056.60,3,4056.50,5,4056.40,2,4056.30,5,4056.20,4,4056.10,9,4056.00,8,4055.90,9,4057.10,11,4057.20,2,4057.30,4,4057.40,6,4057.50,6,4057.60,6,4057.70,7,4057.80,8,4057.90,9,4058.00,8,Sell,2,2,4,0.00,2.00,0.00,0.10,100.0,4057.00,4057.00,4056.90,4056.90,7,16,23,-9.00,-1.00,-12.00,0.40,0.0,-9,33,0.3333,2.0000,-129.00,-91.00,4063.53,-0.5432,DOWN,59.40,0.3872,0.8765
20260714 203801 540,4056.80,1,4056.80,4057.10,0.30,4056.80,3,4056.70,5,4056.60,3,4056.50,5,4056.40,2,4056.30,5,4056.20,4,4056.10,9,4056.00,8,4055.90,9,4057.10,11,4057.20,2,4057.30,4,4057.40,6,4057.50,6,4057.60,6,4057.70,7,4057.80,8,4057.90,9,4058.00,8,Sell,2,3,5,-1.00,2.00,-1.00,0.20,100.0,4057.00,4057.00,4056.80,4056.80,7,16,23,-9.00,-1.00,-12.00,0.40,0.0,-9,33,0.3333,0.0000,-130.00,-92.00,4063.52,-0.5464,DOWN,59.40,0.3872,0.8836
20260714 203802 165,4056.80,1,4056.80,4057.10,0.30,4056.80,3,4056.70,5,4056.60,3,4056.50,5,4056.40,2,4056.30,5,4056.20,4,4056.10,9,4056.00,8,4055.90,9,4057.10,11,4057.20,2,4057.30,4,4057.40,6,4057.50,6,4057.60,6,4057.70,7,4057.80,8,4057.90,9,4058.00,8,Sell,2,4,6,-2.00,2.00,-2.00,0.20,100.0,4057.00,4057.00,4056.80,4056.80,7,16,23,-9.00,-1.00,-12.00,0.40,0.0,-9,33,0.3333,0.0000,-131.00,-93.00,4063.52,-0.5464,DOWN,59.40,0.3872,0.8836
20260714 203802 165,4056.80,1,4056.80,4057.10,0.30,4056.80,3,4056.70,5,4056.60,3,4056.50,5,4056.40,2,4056.30,5,4056.20,4,4056.10,9,4056.00,8,4055.90,9,4057.10,11,4057.20,2,4057.30,4,4057.40,6,4057.50,6,4057.60,6,4057.70,7,4057.80,8,4057.90,9,4058.00,8,Sell,2,5,7,-3.00,2.00,-3.00,0.20,100.0,4057.00,4057.00,4056.80,4056.80,7,16,23,-9.00,-1.00,-12.00,0.40,0.0,-9,33,0.3333,0.0000,-132.00,-94.00,4063.52,-0.5464,DOWN,59.40,0.3872,0.8836
20260714 203805 516,4057.00,1,4056.80,4057.10,0.30,4056.80,2,4056.70,5,4056.60,3,4056.50,5,4056.40,2,4056.30,5,4056.20,4,4056.10,9,4056.00,8,4055.90,9,4057.10,11,4057.20,2,4057.30,4,4057.40,6,4057.50,6,4057.60,6,4057.70,7,4057.80,8,4057.90,9,4058.00,8,Buy,3,5,8,-2.00,2.00,-3.00,0.20,0.0,4057.00,4057.00,4056.80,4057.00,7,16,23,-9.00,-1.00,-12.00,0.40,0.0,-9,33,0.3333,0.5000,-131.00,-93.00,4063.54,-0.5400,DOWN,59.40,0.3872,0.8836
20260714 203808 273,4056.80,1,4056.60,4056.90,0.30,4056.60,5,4056.50,7,4056.40,2,4056.30,5,4056.20,4,4056.10,11,4056.00,8,4055.90,9,4055.80,9,4055.70,9,4056.90,1,4057.00,4,4057.10,13,4057.20,2,4057.30,4,4057.40,6,4057.50,6,4057.60,6,4057.70,7,4057.80,8,Sell,3,6,9,-3.00,2.00,-3.00,0.20,100.0,4057.00,4057.00,4056.80,4056.80,7,16,23,-9.00,-1.00,-12.00,0.40,0.0,-9,33,0.3333,0.0000,-132.00,-94.00,4063.52,-0.5464,DOWN,59.40,0.3872,0.8836
20260714 203812 311,4056.70,1,4056.70,4057.00,0.30,4056.70,2,4056.60,3,4056.50,7,4056.40,2,4056.30,5,4056.20,4,4056.10,6,4056.00,8,4055.90,9,4055.80,9,4057.00,4,4057.10,12,4057.20,2,4057.30,4,4057.40,6,4057.50,6,4057.60,6,4057.70,12,4057.80,8,4057.90,9,Sell,3,7,10,-4.00,2.00,-4.00,0.30,100.0,4057.00,4057.00,4056.70,4056.70,7,16,23,-9.00,-1.00,-12.00,0.40,0.0,-9,33,0.3333,0.0000,-133.00,-95.00,4063.51,-0.5496,DOWN,59.40,0.3872,0.8908
20260714 203812 311,4056.70,1,4056.70,4057.00,0.30,4056.70,2,4056.60,3,4056.50,7,4056.40,2,4056.30,5,4056.20,4,4056.10,6,4056.00,8,4055.90,9,4055.80,9,4057.00,4,4057.10,12,4057.20,2,4057.30,4,4057.40,6,4057.50,6,4057.60,6,4057.70,12,4057.80,8,4057.90,9,Sell,3,8,11,-5.00,2.00,-5.00,0.30,100.0,4057.00,4057.00,4056.70,4056.70,7,16,23,-9.00,-1.00,-12.00,0.40,0.0,-9,33,0.3333,0.0000,-134.00,-96.00,4063.51,-0.5496,DOWN,59.40,0.3872,0.8908
20260714 203813 077,4056.70,1,4056.70,4057.00,0.30,4056.70,1,4056.60,3,4056.50,7,4056.40,2,4056.30,5,4056.20,4,4056.10,6,4056.00,8,4055.90,9,4055.80,9,4057.00,5,4057.10,13,4057.20,3,4057.30,4,4057.40,6,4057.50,6,4057.60,6,4057.70,12,4057.80,8,4057.90,9,Sell,3,9,12,-6.00,2.00,-6.00,0.30,100.0,4057.00,4057.00,4056.70,4056.70,7,16,23,-9.00,-1.00,-12.00,0.40,0.0,-9,33,0.3333,0.0000,-135.00,-97.00,4063.51,-0.5496,DOWN,59.40,0.3872,0.8908
20260714 203815 286,4056.80,1,4056.80,4057.10,0.30,4056.80,1,4056.70,3,4056.60,3,4056.50,7,4056.40,2,4056.30,5,4056.20,4,4056.10,11,4056.00,8,4055.90,9,4057.10,12,4057.20,3,4057.30,4,4057.40,6,4057.50,6,4057.60,6,4057.70,12,4057.80,8,4057.90,9,4058.00,8,Sell,3,10,13,-7.00,2.00,-7.00,0.30,66.7,4057.00,4057.00,4056.70,4056.80,7,16,23,-9.00,-1.00,-12.00,0.40,0.0,-9,33,0.3333,0.0000,-136.00,-98.00,4063.52,-0.5464,DOWN,59.40,0.3872,0.8908
20260714 203830 892,4057.10,1,4056.90,4057.10,0.20,4056.90,2,4056.80,4,4056.70,3,4056.60,3,4056.50,7,4056.40,2,4056.30,5,4056.20,4,4056.10,11,4056.00,8,4057.10,6,4057.20,1,4057.30,4,4057.40,6,4057.50,6,4057.60,7,4057.70,7,4057.80,3,4057.90,9,4058.00,8,Buy,4,10,14,-6.00,2.00,-7.00,0.40,25.0,4057.00,4057.10,4056.70,4057.10,7,16,23,-9.00,-1.00,-12.00,0.40,0.0,-9,33,0.3333,0.1667,-135.00,-97.00,4063.55,-0.5369,DOWN,59.40,0.3872,0.8979
20260714 203830 892,4057.10,2,4056.90,4057.10,0.20,4056.90,2,4056.80,4,4056.70,3,4056.60,3,4056.50,7,4056.40,2,4056.30,5,4056.20,4,4056.10,11,4056.00,8,4057.10,6,4057.20,1,4057.30,4,4057.40,6,4057.50,6,4057.60,7,4057.70,7,4057.80,3,4057.90,9,4058.00,8,Buy,6,10,16,-4.00,2.00,-7.00,0.40,25.0,4057.00,4057.10,4056.70,4057.10,7,16,23,-9.00,-1.00,-12.00,0.40,0.0,-9,33,0.3333,0.7500,-133.00,-95.00,4063.55,-0.5369,DOWN,59.40,0.3872,0.8979
20260714 203837 227,4057.00,1,4056.90,4057.10,0.20,4056.90,2,4056.80,4,4056.70,3,4056.60,3,4056.50,7,4056.40,2,4056.30,5,4056.20,4,4056.10,11,4056.00,8,4057.10,6,4057.20,1,4057.30,3,4057.40,6,4057.50,6,4057.60,7,4057.70,7,4057.80,3,4057.90,9,4058.00,8,Sell,6,11,17,-5.00,2.00,-7.00,0.40,0.0,4057.00,4057.10,4056.70,4057.00,7,16,23,-9.00,-1.00,-12.00,0.40,0.0,-9,33,0.3333,0.4000,-134.00,-96.00,4063.54,-0.5400,DOWN,59.40,0.3872,0.8979
20260714 203839 071,4057.00,1,4057.00,4057.10,0.10,4057.00,1,4056.90,3,4056.80,4,4056.70,3,4056.60,3,4056.50,7,4056.40,2,4056.30,5,4056.20,4,4056.10,11,4057.10,6,4057.30,3,4057.40,6,4057.50,6,4057.60,7,4057.70,7,4057.80,3,4057.90,9,4058.00,8,4058.10,7,Sell,6,12,18,-6.00,2.00,-7.00,0.40,0.0,4057.00,4057.10,4056.70,4057.00,7,16,23,-9.00,-1.00,-12.00,0.40,0.0,-9,33,0.3333,0.1667,-135.00,-97.00,4063.54,-0.5400,DOWN,59.40,0.3872,0.8979
20260714 203854 847,4056.90,1,4056.90,4057.10,0.20,4056.90,2,4056.80,4,4056.70,3,4056.60,3,4056.50,7,4056.40,2,4056.30,5,4056.20,4,4056.10,11,4056.00,8,4057.10,7,4057.20,2,4057.30,3,4057.40,6,4057.50,6,4057.60,7,4057.70,7,4057.80,3,4057.90,9,4058.00,8,Sell,6,13,19,-7.00,2.00,-7.00,0.40,25.0,4057.00,4057.10,4056.70,4056.90,7,16,23,-9.00,-1.00,-12.00,0.40,0.0,-9,33,0.3333,0.0000,-136.00,-98.00,4063.53,-0.5432,DOWN,59.40,0.3872,0.8979
20260714 203854 847,4056.90,1,4056.90,4057.10,0.20,4056.90,2,4056.80,4,4056.70,3,4056.60,3,4056.50,7,4056.40,2,4056.30,5,4056.20,4,4056.10,11,4056.00,8,4057.10,7,4057.20,2,4057.30,3,4057.40,6,4057.50,6,4057.60,7,4057.70,7,4057.80,3,4057.90,9,4058.00,8,Sell,6,14,20,-8.00,2.00,-8.00,0.40,25.0,4057.00,4057.10,4056.70,4056.90,7,16,23,-9.00,-1.00,-12.00,0.40,0.0,-9,33,0.3333,0.0000,-137.00,-99.00,4063.53,-0.5432,DOWN,59.40,0.3872,0.8979
20260714 203901 144,4057.10,1,4056.90,4057.10,0.20,4056.90,4,4056.80,4,4056.70,3,4056.60,3,4056.50,7,4056.40,2,4056.30,5,4056.20,4,4056.10,11,4056.00,8,4057.10,1,4057.20,2,4057.30,3,4057.40,6,4057.50,6,4057.60,7,4057.70,7,4057.80,3,4057.90,9,4058.00,8,Buy,1,0,1,1.00,1.00,1.00,0.00,0.0,4057.10,4057.10,4057.10,4057.10,6,14,20,-8.00,2.00,-8.00,0.40,25.0,-12,12,0.0000,0.0000,-126.00,-93.00,4063.55,-0.5369,DOWN,59.35,0.3370,0.8481
20260714 203901 144,4057.10,5,4056.90,4057.10,0.20,4056.90,4,4056.80,4,4056.70,3,4056.60,3,4056.50,7,4056.40,2,4056.30,5,4056.20,4,4056.10,11,4056.00,8,4057.10,1,4057.20,2,4057.30,3,4057.40,6,4057.50,6,4057.60,7,4057.70,7,4057.80,3,4057.90,9,4058.00,8,Buy,6,0,6,6.00,6.00,1.00,0.00,0.0,4057.10,4057.10,4057.10,4057.10,6,14,20,-8.00,2.00,-8.00,0.40,25.0,-12,12,0.0000,0.0000,-121.00,-88.00,4063.55,-0.5369,DOWN,59.35,0.3370,0.8481
20260714 203902 395,4056.90,1,4056.90,4057.20,0.30,4056.90,4,4056.80,5,4056.70,3,4056.60,3,4056.50,7,4056.40,2,4056.30,5,4056.20,4,4056.10,11,4056.00,8,4057.20,3,4057.30,3,4057.40,6,4057.50,6,4057.60,7,4057.70,7,4057.80,3,4057.90,9,4058.00,8,4058.10,7,Sell,6,1,7,5.00,6.00,1.00,0.20,100.0,4057.10,4057.10,4056.90,4056.90,6,14,20,-8.00,2.00,-8.00,0.40,25.0,-12,12,0.0000,0.2000,-122.00,-89.00,4063.53,-0.5432,DOWN,59.35,0.3370,0.8481
20260714 203903 632,4056.90,1,4056.90,4057.10,0.20,4056.90,3,4056.80,5,4056.70,3,4056.60,3,4056.50,7,4056.40,2,4056.30,5,4056.20,4,4056.10,11,4056.00,8,4057.10,1,4057.20,3,4057.30,3,4057.40,6,4057.50,6,4057.60,7,4057.70,7,4057.80,3,4057.90,9,4058.00,8,Sell,6,2,8,4.00,6.00,1.00,0.20,100.0,4057.10,4057.10,4056.90,4056.90,6,14,20,-8.00,2.00,-8.00,0.40,25.0,-12,12,0.0000,0.5000,-123.00,-90.00,4063.53,-0.5432,DOWN,59.35,0.3370,0.8481
20260714 203905 730,4056.90,1,4056.90,4057.10,0.20,4056.90,2,4056.80,5,4056.70,3,4056.60,3,4056.50,7,4056.40,2,4056.30,5,4056.20,4,4056.10,11,4056.00,8,4057.10,1,4057.20,3,4057.30,3,4057.40,6,4057.50,6,4057.60,7,4057.70,7,4057.80,3,4057.90,10,4058.00,8,Sell,6,3,9,3.00,6.00,1.00,0.20,100.0,4057.10,4057.10,4056.90,4056.90,6,14,20,-8.00,2.00,-8.00,0.40,25.0,-12,12,0.0000,1.0000,-124.00,-91.00,4063.53,-0.5432,DOWN,59.35,0.3370,0.8481
20260714 203905 730,4056.90,1,4056.90,4057.10,0.20,4056.90,2,4056.80,5,4056.70,3,4056.60,3,4056.50,7,4056.40,2,4056.30,5,4056.20,4,4056.10,11,4056.00,8,4057.10,1,4057.20,3,4057.30,3,4057.40,6,4057.50,6,4057.60,7,4057.70,7,4057.80,3,4057.90,10,4058.00,8,Sell,6,4,10,2.00,6.00,1.00,0.20,100.0,4057.10,4057.10,4056.90,4056.90,6,14,20,-8.00,2.00,-8.00,0.40,25.0,-12,12,0.0000,2.0000,-125.00,-92.00,4063.53,-0.5432,DOWN,59.35,0.3370,0.8481
20260714 203905 730,4056.90,1,4056.90,4057.10,0.20,4056.90,2,4056.80,5,4056.70,3,4056.60,3,4056.50,7,4056.40,2,4056.30,5,4056.20,4,4056.10,11,4056.00,8,4057.10,1,4057.20,3,4057.30,3,4057.40,6,4057.50,6,4057.60,7,4057.70,7,4057.80,3,4057.90,10,4058.00,8,Sell,6,5,11,1.00,6.00,1.00,0.20,100.0,4057.10,4057.10,4056.90,4056.90,6,14,20,-8.00,2.00,-8.00,0.40,25.0,-12,12,0.0000,5.0000,-126.00,-93.00,4063.53,-0.5432,DOWN,59.35,0.3370,0.8481
20260714 203917 261,4057.10,1,4057.00,4057.10,0.10,4057.00,3,4056.90,4,4056.80,5,4056.70,3,4056.60,2,4056.50,11,4056.40,2,4056.30,5,4056.20,4,4056.10,11,4057.10,1,4057.20,3,4057.30,3,4057.40,6,4057.50,6,4057.60,7,4057.70,6,4057.80,3,4057.90,10,4058.00,8,Buy,7,5,12,2.00,6.00,1.00,0.20,0.0,4057.10,4057.10,4056.90,4057.10,6,14,20,-8.00,2.00,-8.00,0.40,25.0,-12,12,0.0000,2.0000,-125.00,-92.00,4063.55,-0.5369,DOWN,59.35,0.3370,0.8481
20260714 203918 109,4057.20,1,4057.10,4057.20,0.10,4057.00,2,4056.90,4,4056.80,5,4056.70,3,4056.60,2,4056.50,11,4056.40,2,4056.30,5,4056.20,4,4056.10,11,4057.20,1,4057.30,3,4057.40,6,4057.50,6,4057.60,7,4057.70,6,4057.80,3,4057.90,10,4058.00,8,4058.10,8,Buy,8,5,13,3.00,6.00,1.00,0.30,33.3,4057.10,4057.20,4056.90,4057.20,6,14,20,-8.00,2.00,-8.00,0.40,25.0,-12,12,0.0000,1.0000,-124.00,-91.00,4063.56,-0.5337,DOWN,59.35,0.3370,0.8552
20260714 203919 350,4057.10,1,4057.10,4057.30,0.20,4057.00,2,4056.90,3,4056.80,5,4056.70,3,4056.60,2,4056.50,7,4056.40,2,4056.30,5,4056.20,9,4056.10,11,4057.30,2,4057.40,4,4057.50,4,4057.60,7,4057.70,6,4057.80,3,4057.90,10,4058.00,8,4058.10,8,4058.20,9,Sell,8,6,14,2.00,6.00,1.00,0.30,0.0,4057.10,4057.20,4056.90,4057.10,6,14,20,-8.00,2.00,-8.00,0.40,25.0,-12,12,0.0000,2.0000,-125.00,-92.00,4063.55,-0.5369,DOWN,59.35,0.3370,0.8552
20260714 203919 350,4057.10,1,4057.10,4057.30,0.20,4057.00,2,4056.90,3,4056.80,5,4056.70,3,4056.60,2,4056.50,7,4056.40,2,4056.30,5,4056.20,9,4056.10,11,4057.30,2,4057.40,4,4057.50,4,4057.60,7,4057.70,6,4057.80,3,4057.90,10,4058.00,8,4058.10,8,4058.20,9,Sell,8,7,15,1.00,6.00,1.00,0.30,0.0,4057.10,4057.20,4056.90,4057.10,6,14,20,-8.00,2.00,-8.00,0.40,25.0,-12,12,0.0000,5.0000,-126.00,-93.00,4063.55,-0.5369,DOWN,59.35,0.3370,0.8552
20260714 203919 350,4057.00,1,4057.10,4057.30,0.20,4057.00,2,4056.90,3,4056.80,5,4056.70,3,4056.60,2,4056.50,7,4056.40,2,4056.30,5,4056.20,9,4056.10,11,4057.30,2,4057.40,4,4057.50,4,4057.60,7,4057.70,6,4057.80,3,4057.90,10,4058.00,8,4058.10,8,4058.20,9,Sell,8,8,16,0.00,6.00,0.00,0.30,33.3,4057.10,4057.20,4056.90,4057.00,6,14,20,-8.00,2.00,-8.00,0.40,25.0,-12,12,0.0000,6.0000,-127.00,-94.00,4063.54,-0.5400,DOWN,59.35,0.3370,0.8552
20260714 203919 350,4057.00,1,4057.10,4057.30,0.20,4057.00,2,4056.90,3,4056.80,5,4056.70,3,4056.60,2,4056.50,7,4056.40,2,4056.30,5,4056.20,9,4056.10,11,4057.30,2,4057.40,4,4057.50,4,4057.60,7,4057.70,6,4057.80,3,4057.90,10,4058.00,8,4058.10,8,4058.20,9,Sell,8,9,17,-1.00,6.00,-1.00,0.30,33.3,4057.10,4057.20,4056.90,4057.00,6,14,20,-8.00,2.00,-8.00,0.40,25.0,-12,12,0.0000,0.0000,-128.00,-95.00,4063.54,-0.5400,DOWN,59.35,0.3370,0.8552
20260714 203919 350,4057.00,1,4057.10,4057.30,0.20,4057.00,2,4056.90,3,4056.80,5,4056.70,3,4056.60,2,4056.50,7,4056.40,2,4056.30,5,4056.20,9,4056.10,11,4057.30,2,4057.40,4,4057.50,4,4057.60,7,4057.70,6,4057.80,3,4057.90,10,4058.00,8,4058.10,8,4058.20,9,Sell,8,10,18,-2.00,6.00,-2.00,0.30,33.3,4057.10,4057.20,4056.90,4057.00,6,14,20,-8.00,2.00,-8.00,0.40,25.0,-12,12,0.0000,0.0000,-129.00,-96.00,4063.54,-0.5400,DOWN,59.35,0.3370,0.8552
20260714 203924 707,4057.30,1,4057.20,4057.40,0.20,4057.20,1,4057.10,3,4057.00,2,4056.90,3,4056.80,5,4056.70,3,4056.60,2,4056.50,7,4056.40,2,4056.30,5,4057.40,3,4057.50,5,4057.60,7,4057.70,6,4057.80,3,4057.90,5,4058.00,8,4058.10,7,4058.20,9,4058.30,10,Buy,9,10,19,-1.00,6.00,-2.00,0.40,50.0,4057.10,4057.30,4056.90,4057.30,6,14,20,-8.00,2.00,-8.00,0.40,25.0,-12,12,0.0000,1.0000,-128.00,-95.00,4063.57,-0.5305,DOWN,59.35,0.3370,0.8623
20260714 203924 707,4057.30,1,4057.20,4057.40,0.20,4057.20,1,4057.10,3,4057.00,2,4056.90,3,4056.80,5,4056.70,3,4056.60,2,4056.50,7,4056.40,2,4056.30,5,4057.40,3,4057.50,5,4057.60,7,4057.70,6,4057.80,3,4057.90,5,4058.00,8,4058.10,7,4058.20,9,4058.30,10,Buy,10,10,20,0.00,6.00,-2.00,0.40,50.0,4057.10,4057.30,4056.90,4057.30,6,14,20,-8.00,2.00,-8.00,0.40,25.0,-12,12,0.0000,6.0000,-127.00,-94.00,4063.57,-0.5305,DOWN,59.35,0.3370,0.8623
20260714 203926 232,4057.20,1,4056.90,4057.20,0.30,4056.90,5,4056.80,5,4056.70,3,4056.60,2,4056.50,7,4056.40,2,4056.30,5,4056.20,9,4056.10,11,4056.00,8,4057.20,2,4057.30,5,4057.40,3,4057.50,5,4057.60,7,4057.70,6,4057.80,3,4057.90,5,4058.00,8,4058.10,7,Buy,11,10,21,1.00,6.00,-2.00,0.40,25.0,4057.10,4057.30,4056.90,4057.20,6,14,20,-8.00,2.00,-8.00,0.40,25.0,-12,12,0.0000,5.0000,-126.00,-93.00,4063.56,-0.5337,DOWN,59.35,0.3370,0.8623
20260714 203930 159,4056.90,1,4056.90,4057.10,0.20,4056.90,2,4056.80,5,4056.70,3,4056.60,2,4056.50,7,4056.40,2,4056.30,5,4056.20,9,4056.10,11,4056.00,8,4057.10,1,4057.20,2,4057.30,4,4057.40,3,4057.50,5,4057.60,7,4057.70,6,4057.80,3,4057.90,5,4058.00,9,Sell,11,11,22,0.00,6.00,-2.00,0.40,50.0,4057.10,4057.30,4056.90,4056.90,6,14,20,-8.00,2.00,-8.00,0.40,25.0,-12,12,0.0000,6.0000,-127.00,-94.00,4063.53,-0.5432,DOWN,59.35,0.3370,0.8623
20260714 203930 706,4056.90,1,4056.90,4057.20,0.30,4056.90,2,4056.80,5,4056.70,3,4056.60,2,4056.50,7,4056.40,2,4056.30,5,4056.20,9,4056.10,11,4056.00,8,4057.20,3,4057.30,4,4057.40,3,4057.50,5,4057.60,7,4057.70,6,4057.80,3,4057.90,5,4058.00,9,4058.10,7,Sell,11,12,23,-1.00,6.00,-2.00,0.40,50.0,4057.10,4057.30,4056.90,4056.90,6,14,20,-8.00,2.00,-8.00,0.40,25.0,-12,12,0.0000,1.0000,-128.00,-95.00,4063.53,-0.5432,DOWN,59.35,0.3370,0.8623
20260714 203930 706,4056.90,1,4056.90,4057.20,0.30,4056.90,2,4056.80,5,4056.70,3,4056.60,2,4056.50,7,4056.40,2,4056.30,5,4056.20,9,4056.10,11,4056.00,8,4057.20,3,4057.30,4,4057.40,3,4057.50,5,4057.60,7,4057.70,6,4057.80,3,4057.90,5,4058.00,9,4058.10,7,Sell,11,13,24,-2.00,6.00,-2.00,0.40,50.0,4057.10,4057.30,4056.90,4056.90,6,14,20,-8.00,2.00,-8.00,0.40,25.0,-12,12,0.0000,0.0000,-129.00,-96.00,4063.53,-0.5432,DOWN,59.35,0.3370,0.8623
20260714 203930 749,4057.20,1,4056.90,4057.20,0.30,4056.90,3,4056.80,5,4056.70,3,4056.60,2,4056.50,7,4056.40,2,4056.30,5,4056.20,9,4056.10,11,4056.00,8,4057.20,3,4057.30,5,4057.40,3,4057.50,5,4057.60,7,4057.70,6,4057.80,3,4057.90,5,4058.00,9,4058.10,7,Buy,12,13,25,-1.00,6.00,-2.00,0.40,25.0,4057.10,4057.30,4056.90,4057.20,6,14,20,-8.00,2.00,-8.00,0.40,25.0,-12,12,0.0000,1.0000,-128.00,-95.00,4063.56,-0.5337,DOWN,59.35,0.3370,0.8623
20260714 203930 749,4057.20,1,4056.90,4057.20,0.30,4056.90,3,4056.80,5,4056.70,3,4056.60,2,4056.50,7,4056.40,2,4056.30,5,4056.20,9,4056.10,11,4056.00,8,4057.20,3,4057.30,5,4057.40,3,4057.50,5,4057.60,7,4057.70,6,4057.80,3,4057.90,5,4058.00,9,4058.10,7,Buy,13,13,26,0.00,6.00,-2.00,0.40,25.0,4057.10,4057.30,4056.90,4057.20,6,14,20,-8.00,2.00,-8.00,0.40,25.0,-12,12,0.0000,6.0000,-127.00,-94.00,4063.56,-0.5337,DOWN,59.35,0.3370,0.8623
20260714 203930 749,4057.20,1,4056.90,4057.20,0.30,4056.90,3,4056.80,5,4056.70,3,4056.60,2,4056.50,7,4056.40,2,4056.30,5,4056.20,9,4056.10,11,4056.00,8,4057.20,3,4057.30,5,4057.40,3,4057.50,5,4057.60,7,4057.70,6,4057.80,3,4057.90,5,4058.00,9,4058.10,7,Buy,14,13,27,1.00,6.00,-2.00,0.40,25.0,4057.10,4057.30,4056.90,4057.20,6,14,20,-8.00,2.00,-8.00,0.40,25.0,-12,12,0.0000,5.0000,-126.00,-93.00,4063.56,-0.5337,DOWN,59.35,0.3370,0.8623
20260714 203930 749,4057.30,1,4056.90,4057.20,0.30,4056.90,3,4056.80,5,4056.70,3,4056.60,2,4056.50,7,4056.40,2,4056.30,5,4056.20,9,4056.10,11,4056.00,8,4057.20,3,4057.30,5,4057.40,3,4057.50,5,4057.60,7,4057.70,6,4057.80,3,4057.90,5,4058.00,9,4058.10,7,Buy,15,13,28,2.00,6.00,-2.00,0.40,50.0,4057.10,4057.30,4056.90,4057.30,6,14,20,-8.00,2.00,-8.00,0.40,25.0,-12,12,0.0000,2.0000,-125.00,-92.00,4063.57,-0.5305,DOWN,59.35,0.3370,0.8623
20260714 203930 749,4057.30,1,4056.90,4057.20,0.30,4056.90,3,4056.80,5,4056.70,3,4056.60,2,4056.50,7,4056.40,2,4056.30,5,4056.20,9,4056.10,11,4056.00,8,4057.20,3,4057.30,5,4057.40,3,4057.50,5,4057.60,7,4057.70,6,4057.80,3,4057.90,5,4058.00,9,4058.10,7,Buy,16,13,29,3.00,6.00,-2.00,0.40,50.0,4057.10,4057.30,4056.90,4057.30,6,14,20,-8.00,2.00,-8.00,0.40,25.0,-12,12,0.0000,1.0000,-124.00,-91.00,4063.57,-0.5305,DOWN,59.35,0.3370,0.8623
20260714 203936 289,4057.20,1,4057.10,4057.30,0.20,4057.10,2,4057.00,2,4056.90,6,4056.80,5,4056.70,3,4056.60,2,4056.50,7,4056.40,7,4056.30,10,4056.20,9,4057.30,2,4057.40,3,4057.50,5,4057.60,7,4057.70,6,4057.80,3,4057.90,5,4058.00,9,4058.10,7,4058.20,9,Buy,17,13,30,4.00,6.00,-2.00,0.40,25.0,4057.10,4057.30,4056.90,4057.20,6,14,20,-8.00,2.00,-8.00,0.40,25.0,-12,12,0.0000,0.5000,-123.00,-90.00,4063.56,-0.5337,DOWN,59.35,0.3370,0.8623
20260714 203940 749,4057.20,1,4057.20,4057.40,0.20,4057.20,3,4057.10,3,4057.00,1,4056.90,6,4056.80,5,4056.70,3,4056.60,2,4056.50,12,4056.40,7,4056.30,10,4057.40,2,4057.50,3,4057.60,7,4057.70,6,4057.80,3,4057.90,5,4058.00,4,4058.10,7,4058.20,9,4058.30,10,Sell,17,14,31,3.00,6.00,-2.00,0.40,25.0,4057.10,4057.30,4056.90,4057.20,6,14,20,-8.00,2.00,-8.00,0.40,25.0,-12,12,0.0000,1.0000,-124.00,-91.00,4063.56,-0.5337,DOWN,59.35,0.3370,0.8623
20260714 203944 620,4057.40,1,4057.20,4057.40,0.20,4057.20,3,4057.10,4,4057.00,1,4056.90,6,4056.80,5,4056.70,3,4056.60,2,4056.50,12,4056.40,7,4056.30,10,4057.50,3,4057.60,7,4057.70,6,4057.80,3,4057.90,5,4058.00,4,4058.10,7,4058.20,9,4058.30,10,4058.40,11,Buy,18,14,32,4.00,6.00,-2.00,0.50,60.0,4057.10,4057.40,4056.90,4057.40,6,14,20,-8.00,2.00,-8.00,0.40,25.0,-12,12,0.0000,0.5000,-123.00,-90.00,4063.58,-0.5274,DOWN,59.35,0.3370,0.8695
20260714 203945 604,4057.40,1,4057.20,4057.40,0.20,4057.30,1,4057.20,3,4057.10,4,4057.00,1,4056.90,6,4056.80,5,4056.70,3,4056.60,2,4056.50,12,4056.40,7,4057.50,3,4057.60,4,4057.70,6,4057.80,3,4057.90,5,4058.00,4,4058.10,7,4058.20,9,4058.30,10,4058.40,11,Buy,19,14,33,5.00,6.00,-2.00,0.50,60.0,4057.10,4057.40,4056.90,4057.40,6,14,20,-8.00,2.00,-8.00,0.40,25.0,-12,12,0.0000,0.2000,-122.00,-89.00,4063.58,-0.5274,DOWN,59.35,0.3370,0.8695
20260714 203945 604,4057.40,1,4057.20,4057.40,0.20,4057.30,1,4057.20,3,4057.10,4,4057.00,1,4056.90,6,4056.80,5,4056.70,3,4056.60,2,4056.50,12,4056.40,7,4057.50,3,4057.60,4,4057.70,6,4057.80,3,4057.90,5,4058.00,4,4058.10,7,4058.20,9,4058.30,10,4058.40,11,Buy,20,14,34,6.00,6.00,-2.00,0.50,60.0,4057.10,4057.40,4056.90,4057.40,6,14,20,-8.00,2.00,-8.00,0.40,25.0,-12,12,0.0000,0.0000,-121.00,-88.00,4063.58,-0.5274,DOWN,59.35,0.3370,0.8695
20260714 203947 140,4057.20,1,4056.90,4057.10,0.20,4057.10,4,4057.00,1,4056.90,6,4056.80,5,4056.70,3,4056.60,2,4056.50,12,4056.40,7,4056.30,10,4056.20,9,4057.40,3,4057.50,4,4057.60,4,4057.70,6,4057.80,3,4057.90,5,4058.00,4,4058.10,7,4058.20,9,4058.30,10,Sell,20,15,35,5.00,6.00,-2.00,0.50,20.0,4057.10,4057.40,4056.90,4057.20,6,14,20,-8.00,2.00,-8.00,0.40,25.0,-12,12,0.0000,0.2000,-122.00,-89.00,4063.56,-0.5337,DOWN,59.35,0.3370,0.8695
20260714 203947 140,4057.20,1,4056.90,4057.10,0.20,4057.10,4,4057.00,1,4056.90,6,4056.80,5,4056.70,3,4056.60,2,4056.50,12,4056.40,7,4056.30,10,4056.20,9,4057.40,3,4057.50,4,4057.60,4,4057.70,6,4057.80,3,4057.90,5,4058.00,4,4058.10,7,4058.20,9,4058.30,10,Sell,20,16,36,4.00,6.00,-2.00,0.50,20.0,4057.10,4057.40,4056.90,4057.20,6,14,20,-8.00,2.00,-8.00,0.40,25.0,-12,12,0.0000,0.5000,-123.00,-90.00,4063.56,-0.5337,DOWN,59.35,0.3370,0.8695
20260714 203947 140,4057.20,1,4056.90,4057.10,0.20,4057.10,4,4057.00,1,4056.90,6,4056.80,5,4056.70,3,4056.60,2,4056.50,12,4056.40,7,4056.30,10,4056.20,9,4057.40,3,4057.50,4,4057.60,4,4057.70,6,4057.80,3,4057.90,5,4058.00,4,4058.10,7,4058.20,9,4058.30,10,Sell,20,17,37,3.00,6.00,-2.00,0.50,20.0,4057.10,4057.40,4056.90,4057.20,6,14,20,-8.00,2.00,-8.00,0.40,25.0,-12,12,0.0000,1.0000,-124.00,-91.00,4063.56,-0.5337,DOWN,59.35,0.3370,0.8695
20260714 203947 140,4057.20,1,4056.90,4057.10,0.20,4057.10,4,4057.00,1,4056.90,6,4056.80,5,4056.70,3,4056.60,2,4056.50,12,4056.40,7,4056.30,10,4056.20,9,4057.40,3,4057.50,4,4057.60,4,4057.70,6,4057.80,3,4057.90,5,4058.00,4,4058.10,7,4058.20,9,4058.30,10,Sell,20,18,38,2.00,6.00,-2.00,0.50,20.0,4057.10,4057.40,4056.90,4057.20,6,14,20,-8.00,2.00,-8.00,0.40,25.0,-12,12,0.0000,2.0000,-125.00,-92.00,4063.56,-0.5337,DOWN,59.35,0.3370,0.8695
20260714 203947 141,4057.10,1,4056.90,4057.10,0.20,4057.10,4,4057.00,1,4056.90,6,4056.80,5,4056.70,3,4056.60,2,4056.50,12,4056.40,7,4056.30,10,4056.20,9,4057.40,3,4057.50,4,4057.60,4,4057.70,6,4057.80,3,4057.90,5,4058.00,4,4058.10,7,4058.20,9,4058.30,10,Sell,20,19,39,1.00,6.00,-2.00,0.50,0.0,4057.10,4057.40,4056.90,4057.10,6,14,20,-8.00,2.00,-8.00,0.40,25.0,-12,12,0.0000,5.0000,-126.00,-93.00,4063.55,-0.5369,DOWN,59.35,0.3370,0.8695
20260714 203947 141,4057.10,1,4056.90,4057.10,0.20,4057.10,4,4057.00,1,4056.90,6,4056.80,5,4056.70,3,4056.60,2,4056.50,12,4056.40,7,4056.30,10,4056.20,9,4057.40,3,4057.50,4,4057.60,4,4057.70,6,4057.80,3,4057.90,5,4058.00,4,4058.10,7,4058.20,9,4058.30,10,Sell,20,20,40,0.00,6.00,-2.00,0.50,0.0,4057.10,4057.40,4056.90,4057.10,6,14,20,-8.00,2.00,-8.00,0.40,25.0,-12,12,0.0000,6.0000,-127.00,-94.00,4063.55,-0.5369,DOWN,59.35,0.3370,0.8695
20260714 203947 141,4057.10,1,4056.90,4057.10,0.20,4057.10,4,4057.00,1,4056.90,6,4056.80,5,4056.70,3,4056.60,2,4056.50,12,4056.40,7,4056.30,10,4056.20,9,4057.40,3,4057.50,4,4057.60,4,4057.70,6,4057.80,3,4057.90,5,4058.00,4,4058.10,7,4058.20,9,4058.30,10,Sell,20,21,41,-1.00,6.00,-2.00,0.50,0.0,4057.10,4057.40,4056.90,4057.10,6,14,20,-8.00,2.00,-8.00,0.40,25.0,-12,12,0.0000,1.0000,-128.00,-95.00,4063.55,-0.5369,DOWN,59.35,0.3370,0.8695
20260714 203947 141,4057.10,1,4056.90,4057.10,0.20,4057.10,4,4057.00,1,4056.90,6,4056.80,5,4056.70,3,4056.60,2,4056.50,12,4056.40,7,4056.30,10,4056.20,9,4057.40,3,4057.50,4,4057.60,4,4057.70,6,4057.80,3,4057.90,5,4058.00,4,4058.10,7,4058.20,9,4058.30,10,Sell,20,22,42,-2.00,6.00,-2.00,0.50,0.0,4057.10,4057.40,4056.90,4057.10,6,14,20,-8.00,2.00,-8.00,0.40,25.0,-12,12,0.0000,0.0000,-129.00,-96.00,4063.55,-0.5369,DOWN,59.35,0.3370,0.8695
20260714 203947 143,4056.90,1,4056.90,4057.10,0.20,4057.10,4,4057.00,1,4056.90,6,4056.80,5,4056.70,3,4056.60,2,4056.50,12,4056.40,7,4056.30,10,4056.20,9,4057.40,3,4057.50,4,4057.60,4,4057.70,6,4057.80,3,4057.90,5,4058.00,4,4058.10,7,4058.20,9,4058.30,10,Sell,20,23,43,-3.00,6.00,-3.00,0.50,40.0,4057.10,4057.40,4056.90,4056.90,6,14,20,-8.00,2.00,-8.00,0.40,25.0,-12,12,0.0000,0.0000,-130.00,-97.00,4063.53,-0.5432,DOWN,59.35,0.3370,0.8695
20260714 203947 143,4056.90,4,4056.90,4057.10,0.20,4057.10,4,4057.00,1,4056.90,6,4056.80,5,4056.70,3,4056.60,2,4056.50,12,4056.40,7,4056.30,10,4056.20,9,4057.40,3,4057.50,4,4057.60,4,4057.70,6,4057.80,3,4057.90,5,4058.00,4,4058.10,7,4058.20,9,4058.30,10,Sell,20,27,47,-7.00,6.00,-7.00,0.50,40.0,4057.10,4057.40,4056.90,4056.90,6,14,20,-8.00,2.00,-8.00,0.40,25.0,-12,12,0.0000,0.0000,-134.00,-101.00,4063.53,-0.5432,DOWN,59.35,0.3370,0.8695
20260714 203948 485,4057.00,1,4056.80,4057.00,0.20,4056.80,1,4056.70,3,4056.60,2,4056.50,7,4056.40,2,4056.30,5,4056.20,4,4056.10,11,4056.00,9,4055.90,9,4057.00,2,4057.10,4,4057.20,3,4057.30,4,4057.40,8,4057.50,5,4057.60,4,4057.70,6,4057.80,8,4057.90,10,Buy,21,27,48,-6.00,6.00,-7.00,0.50,20.0,4057.10,4057.40,4056.90,4057.00,6,14,20,-8.00,2.00,-8.00,0.40,25.0,-12,12,0.0000,0.1667,-133.00,-100.00,4063.54,-0.5400,DOWN,59.35,0.3370,0.8695
20260714 203948 485,4057.00,1,4056.80,4057.00,0.20,4056.80,1,4056.70,3,4056.60,2,4056.50,7,4056.40,2,4056.30,5,4056.20,4,4056.10,11,4056.00,9,4055.90,9,4057.00,2,4057.10,4,4057.20,3,4057.30,4,4057.40,8,4057.50,5,4057.60,4,4057.70,6,4057.80,8,4057.90,10,Buy,22,27,49,-5.00,6.00,-7.00,0.50,20.0,4057.10,4057.40,4056.90,4057.00,6,14,20,-8.00,2.00,-8.00,0.40,25.0,-12,12,0.0000,0.4000,-132.00,-99.00,4063.54,-0.5400,DOWN,59.35,0.3370,0.8695
20260714 203948 485,4057.00,1,4056.80,4057.00,0.20,4056.80,1,4056.70,3,4056.60,2,4056.50,7,4056.40,2,4056.30,5,4056.20,4,4056.10,11,4056.00,9,4055.90,9,4057.00,2,4057.10,4,4057.20,3,4057.30,4,4057.40,8,4057.50,5,4057.60,4,4057.70,6,4057.80,8,4057.90,10,Buy,23,27,50,-4.00,6.00,-7.00,0.50,20.0,4057.10,4057.40,4056.90,4057.00,6,14,20,-8.00,2.00,-8.00,0.40,25.0,-12,12,0.0000,0.7500,-131.00,-98.00,4063.54,-0.5400,DOWN,59.35,0.3370,0.8695
20260714 203948 485,4057.00,1,4056.80,4057.00,0.20,4056.80,1,4056.70,3,4056.60,2,4056.50,7,4056.40,2,4056.30,5,4056.20,4,4056.10,11,4056.00,9,4055.90,9,4057.00,2,4057.10,4,4057.20,3,4057.30,4,4057.40,8,4057.50,5,4057.60,4,4057.70,6,4057.80,8,4057.90,10,Buy,24,27,51,-3.00,6.00,-7.00,0.50,20.0,4057.10,4057.40,4056.90,4057.00,6,14,20,-8.00,2.00,-8.00,0.40,25.0,-12,12,0.0000,1.3333,-130.00,-97.00,4063.54,-0.5400,DOWN,59.35,0.3370,0.8695
20260714 203948 497,4057.00,1,4056.80,4057.00,0.20,4056.80,1,4056.70,3,4056.60,2,4056.50,7,4056.40,2,4056.30,5,4056.20,4,4056.10,11,4056.00,9,4055.90,9,4057.00,2,4057.10,4,4057.20,3,4057.30,4,4057.40,8,4057.50,5,4057.60,4,4057.70,6,4057.80,8,4057.90,10,Buy,25,27,52,-2.00,6.00,-7.00,0.50,20.0,4057.10,4057.40,4056.90,4057.00,6,14,20,-8.00,2.00,-8.00,0.40,25.0,-12,12,0.0000,2.5000,-129.00,-96.00,4063.54,-0.5400,DOWN,59.35,0.3370,0.8695
20260714 203950 418,4056.80,1,4056.80,4056.90,0.10,4056.80,1,4056.60,2,4056.50,7,4056.40,2,4056.30,5,4056.20,4,4056.10,11,4056.00,9,4055.90,9,4055.80,9,4056.90,7,4057.00,3,4057.10,4,4057.20,3,4057.30,4,4057.40,8,4057.50,5,4057.60,4,4057.70,6,4057.80,8,Sell,25,28,53,-3.00,6.00,-7.00,0.60,50.0,4057.10,4057.40,4056.80,4056.80,6,14,20,-8.00,2.00,-8.00,0.40,25.0,-12,12,0.0000,1.3333,-130.00,-97.00,4063.52,-0.5464,DOWN,59.35,0.3370,0.8766
20260714 203953 574,4056.50,1,4056.50,4056.70,0.20,4056.50,5,4056.40,2,4056.30,5,4056.20,3,4056.10,5,4056.00,4,4055.90,3,4055.80,9,4055.70,8,4055.60,6,4056.70,4,4056.80,1,4056.90,1,4057.00,3,4057.10,4,4057.20,4,4057.30,4,4057.40,8,4057.50,5,4057.60,9,Sell,25,29,54,-4.00,6.00,-7.00,0.90,66.7,4057.10,4057.40,4056.50,4056.50,6,14,20,-8.00,2.00,-8.00,0.40,25.0,-12,12,0.0000,0.7500,-131.00,-98.00,4063.49,-0.5559,DOWN,59.35,0.3370,0.8981
20260714 203955 497,4056.60,4,4056.50,4056.70,0.20,4056.50,4,4056.40,2,4056.30,5,4056.20,3,4056.10,3,4056.00,4,4055.90,3,4055.80,9,4055.70,8,4055.60,6,4056.70,2,4056.80,3,4056.90,1,4057.00,1,4057.10,4,4057.20,4,4057.30,4,4057.40,8,4057.50,10,4057.60,9,Buy,29,29,58,0.00,6.00,-7.00,0.90,55.6,4057.10,4057.40,4056.50,4056.60,6,14,20,-8.00,2.00,-8.00,0.40,25.0,-12,12,0.0000,6.0000,-127.00,-94.00,4063.50,-0.5527,DOWN,59.35,0.3370,0.8981
20260714 203958 086,4056.90,1,4056.60,4056.90,0.30,4056.60,3,4056.50,6,4056.40,2,4056.30,5,4056.20,3,4056.10,3,4056.00,4,4055.90,8,4055.80,9,4055.70,8,4056.90,4,4057.00,3,4057.10,3,4057.20,4,4057.30,4,4057.40,8,4057.50,5,4057.60,4,4057.70,10,4057.80,8,Buy,30,29,59,1.00,6.00,-7.00,0.90,22.2,4057.10,4057.40,4056.50,4056.90,6,14,20,-8.00,2.00,-8.00,0.40,25.0,-12,12,0.0000,5.0000,-126.00,-93.00,4063.53,-0.5432,DOWN,59.35,0.3370,0.8981
20260714 203958 086,4056.90,1,4056.60,4056.90,0.30,4056.60,3,4056.50,6,4056.40,2,4056.30,5,4056.20,3,4056.10,3,4056.00,4,4055.90,8,4055.80,9,4055.70,8,4056.90,4,4057.00,3,4057.10,3,4057.20,4,4057.30,4,4057.40,8,4057.50,5,4057.60,4,4057.70,10,4057.80,8,Buy,31,29,60,2.00,6.00,-7.00,0.90,22.2,4057.10,4057.40,4056.50,4056.90,6,14,20,-8.00,2.00,-8.00,0.40,25.0,-12,12,0.0000,2.0000,-125.00,-92.00,4063.53,-0.5432,DOWN,59.35,0.3370,0.8981
20260714 203958 086,4056.90,1,4056.60,4056.90,0.30,4056.60,3,4056.50,6,4056.40,2,4056.30,5,4056.20,3,4056.10,3,4056.00,4,4055.90,8,4055.80,9,4055.70,8,4056.90,4,4057.00,3,4057.10,3,4057.20,4,4057.30,4,4057.40,8,4057.50,5,4057.60,4,4057.70,10,4057.80,8,Buy,32,29,61,3.00,6.00,-7.00,0.90,22.2,4057.10,4057.40,4056.50,4056.90,6,14,20,-8.00,2.00,-8.00,0.40,25.0,-12,12,0.0000,1.0000,-124.00,-91.00,4063.53,-0.5432,DOWN,59.35,0.3370,0.8981
20260714 203958 086,4057.00,1,4056.60,4056.90,0.30,4056.60,3,4056.50,6,4056.40,2,4056.30,5,4056.20,3,4056.10,3,4056.00,4,4055.90,8,4055.80,9,4055.70,8,4056.90,4,4057.00,3,4057.10,3,4057.20,4,4057.30,4,4057.40,8,4057.50,5,4057.60,4,4057.70,10,4057.80,8,Buy,33,29,62,4.00,6.00,-7.00,0.90,11.1,4057.10,4057.40,4056.50,4057.00,6,14,20,-8.00,2.00,-8.00,0.40,25.0,-12,12,0.0000,0.5000,-123.00,-90.00,4063.54,-0.5400,DOWN,59.35,0.3370,0.8981
20260714 203958 086,4057.10,1,4056.60,4056.90,0.30,4056.60,3,4056.50,6,4056.40,2,4056.30,5,4056.20,3,4056.10,3,4056.00,4,4055.90,8,4055.80,9,4055.70,8,4056.90,4,4057.00,3,4057.10,3,4057.20,4,4057.30,4,4057.40,8,4057.50,5,4057.60,4,4057.70,10,4057.80,8,Buy,34,29,63,5.00,6.00,-7.00,0.90,0.0,4057.10,4057.40,4056.50,4057.10,6,14,20,-8.00,2.00,-8.00,0.40,25.0,-12,12,0.0000,0.2000,-122.00,-89.00,4063.55,-0.5369,DOWN,59.35,0.3370,0.8981
20260714 203958 596,4056.90,1,4056.70,4057.00,0.30,4056.70,2,4056.60,4,4056.50,4,4056.40,2,4056.30,5,4056.20,3,4056.10,3,4056.00,4,4055.90,8,4055.80,9,4057.00,5,4057.10,3,4057.20,4,4057.30,4,4057.40,8,4057.50,5,4057.60,4,4057.70,10,4057.80,8,4057.90,9,Buy,35,29,64,6.00,6.00,-7.00,0.90,22.2,4057.10,4057.40,4056.50,4056.90,6,14,20,-8.00,2.00,-8.00,0.40,25.0,-12,12,0.0000,0.0000,-121.00,-88.00,4063.53,-0.5432,DOWN,59.35,0.3370,0.8981
20260714 203958 596,4056.90,1,4056.70,4057.00,0.30,4056.70,2,4056.60,4,4056.50,4,4056.40,2,4056.30,5,4056.20,3,4056.10,3,4056.00,4,4055.90,8,4055.80,9,4057.00,5,4057.10,3,4057.20,4,4057.30,4,4057.40,8,4057.50,5,4057.60,4,4057.70,10,4057.80,8,4057.90,9,Buy,36,29,65,7.00,7.00,-7.00,0.90,22.2,4057.10,4057.40,4056.50,4056.90,6,14,20,-8.00,2.00,-8.00,0.40,25.0,-12,12,0.0000,0.0000,-120.00,-87.00,4063.53,-0.5432,DOWN,59.35,0.3370,0.8981
20260714 203958 596,4057.00,1,4056.70,4057.00,0.30,4056.70,2,4056.60,4,4056.50,4,4056.40,2,4056.30,5,4056.20,3,4056.10,3,4056.00,4,4055.90,8,4055.80,9,4057.00,5,4057.10,3,4057.20,4,4057.30,4,4057.40,8,4057.50,5,4057.60,4,4057.70,10,4057.80,8,4057.90,9,Buy,37,29,66,8.00,8.00,-7.00,0.90,11.1,4057.10,4057.40,4056.50,4057.00,6,14,20,-8.00,2.00,-8.00,0.40,25.0,-12,12,0.0000,0.0000,-119.00,-86.00,4063.54,-0.5400,DOWN,59.35,0.3370,0.8981
20260714 203959 035,4056.90,1,4056.60,4056.90,0.30,4056.60,4,4056.50,4,4056.40,2,4056.30,5,4056.20,3,4056.10,3,4056.00,4,4055.90,8,4055.80,9,4055.70,8,4056.90,2,4057.00,4,4057.10,3,4057.20,4,4057.30,4,4057.40,8,4057.50,5,4057.60,4,4057.70,10,4057.80,8,Buy,38,29,67,9.00,9.00,-7.00,0.90,22.2,4057.10,4057.40,4056.50,4056.90,6,14,20,-8.00,2.00,-8.00,0.40,25.0,-12,12,0.0000,0.0000,-118.00,-85.00,4063.53,-0.5432,DOWN,59.35,0.3370,0.8981
20260714 204000 191,4056.70,1,4056.60,4056.90,0.30,4056.60,3,4056.50,4,4056.40,4,4056.30,5,4056.20,3,4056.10,3,4056.00,4,4055.90,8,4055.80,9,4055.70,8,4056.90,4,4057.00,2,4057.10,3,4057.20,4,4057.30,4,4057.40,8,4057.50,5,4057.60,9,4057.70,10,4057.80,8,Sell,0,1,1,-1.00,-1.00,-1.00,0.00,0.0,4056.70,4056.70,4056.70,4056.70,38,29,67,9.00,9.00,-7.00,0.90,22.2,24,120,0.0000,0.0000,-52.00,-178.00,4063.51,-0.5496,DOWN,57.80,1.1592,0.8482
20260714 204000 669,4057.00,1,4056.70,4057.00,0.30,4056.70,3,4056.60,3,4056.50,4,4056.40,4,4056.30,5,4056.20,3,4056.10,3,4056.00,4,4055.90,10,4055.80,9,4057.00,3,4057.10,3,4057.20,4,4057.30,4,4057.40,8,4057.50,5,4057.60,9,4057.70,10,4057.80,8,4057.90,9,Buy,1,1,2,0.00,0.00,-1.00,0.30,100.0,4056.70,4057.00,4056.70,4057.00,38,29,67,9.00,9.00,-7.00,0.90,22.2,24,120,0.0000,0.0000,-51.00,-177.00,4063.54,-0.5400,DOWN,57.80,1.1592,0.8553
20260714 204015 111,4056.90,1,4056.80,4057.10,0.30,4056.80,3,4056.70,4,4056.60,3,4056.50,4,4056.40,2,4056.30,6,4056.20,5,4056.10,8,4056.00,9,4055.90,10,4057.10,4,4057.20,2,4057.30,4,4057.40,8,4057.50,5,4057.60,4,4057.70,10,4057.80,8,4057.90,9,4058.00,8,Sell,1,2,3,-1.00,0.00,-1.00,0.30,66.7,4056.70,4057.00,4056.70,4056.90,38,29,67,9.00,9.00,-7.00,0.90,22.2,24,120,0.0000,0.0000,-52.00,-178.00,4063.53,-0.5432,DOWN,57.80,1.1592,0.8553
20260714 204015 561,4057.10,1,4056.90,4057.10,0.20,4056.90,2,4056.80,4,4056.70,4,4056.60,3,4056.50,4,4056.40,2,4056.30,6,4056.20,3,4056.10,8,4056.00,9,4057.10,3,4057.20,2,4057.30,4,4057.40,8,4057.50,5,4057.60,4,4057.70,10,4057.80,8,4057.90,9,4058.00,8,Buy,2,2,4,0.00,0.00,-1.00,0.40,100.0,4056.70,4057.10,4056.70,4057.10,38,29,67,9.00,9.00,-7.00,0.90,22.2,24,120,0.0000,0.0000,-51.00,-177.00,4063.55,-0.5369,DOWN,57.80,1.1592,0.8625
20260714 204017 377,4057.10,1,4057.00,4057.10,0.10,4057.00,1,4056.90,2,4056.80,4,4056.70,4,4056.60,3,4056.50,4,4056.40,2,4056.30,6,4056.20,3,4056.10,8,4057.10,1,4057.20,2,4057.30,4,4057.40,8,4057.50,5,4057.60,4,4057.70,10,4057.80,8,4057.90,9,4058.00,8,Buy,3,2,5,1.00,1.00,-1.00,0.40,100.0,4056.70,4057.10,4056.70,4057.10,38,29,67,9.00,9.00,-7.00,0.90,22.2,24,120,0.0000,0.0000,-50.00,-176.00,4063.55,-0.5369,DOWN,57.80,1.1592,0.8625
20260714 204025 046,4057.00,1,4056.80,4057.10,0.30,4056.80,4,4056.70,4,4056.60,3,4056.50,4,4056.40,2,4056.30,6,4056.20,3,4056.10,8,4056.00,11,4055.90,10,4057.10,4,4057.20,2,4057.30,4,4057.40,8,4057.50,5,4057.60,4,4057.70,10,4057.80,8,4057.90,9,4058.00,8,Sell,3,3,6,0.00,1.00,-1.00,0.40,75.0,4056.70,4057.10,4056.70,4057.00,38,29,67,9.00,9.00,-7.00,0.90,22.2,24,120,0.0000,1.0000,-51.00,-177.00,4063.54,-0.5400,DOWN,57.80,1.1592,0.8625
20260714 204025 065,4057.00,1,4056.80,4057.10,0.30,4056.80,4,4056.70,4,4056.60,3,4056.50,4,4056.40,2,4056.30,6,4056.20,3,4056.10,8,4056.00,11,4055.90,10,4057.10,4,4057.20,2,4057.30,4,4057.40,8,4057.50,5,4057.60,4,4057.70,10,4057.80,8,4057.90,9,4058.00,8,Buy,4,3,7,1.00,1.00,-1.00,0.40,75.0,4056.70,4057.10,4056.70,4057.00,38,29,67,9.00,9.00,-7.00,0.90,22.2,24,120,0.0000,0.0000,-50.00,-176.00,4063.54,-0.5400,DOWN,57.80,1.1592,0.8625
20260714 204030 281,4056.80,1,4056.80,4057.00,0.20,4056.80,2,4056.70,4,4056.60,2,4056.50,4,4056.40,2,4056.30,6,4056.20,3,4056.10,8,4056.00,11,4055.90,10,4057.00,2,4057.10,4,4057.20,2,4057.30,4,4057.40,8,4057.50,5,4057.60,4,4057.70,10,4057.80,8,4057.90,9,Sell,4,4,8,0.00,1.00,-1.00,0.40,25.0,4056.70,4057.10,4056.70,4056.80,38,29,67,9.00,9.00,-7.00,0.90,22.2,24,120,0.0000,1.0000,-51.00,-177.00,4063.52,-0.5464,DOWN,57.80,1.1592,0.8625
20260714 204032 215,4057.00,1,4056.80,4057.00,0.20,4056.80,3,4056.70,4,4056.60,2,4056.50,4,4056.40,2,4056.30,6,4056.20,3,4056.10,8,4056.00,11,4055.90,10,4057.00,1,4057.10,4,4057.20,2,4057.30,4,4057.40,8,4057.50,5,4057.60,4,4057.70,10,4057.80,8,4057.90,9,Sell,4,5,9,-1.00,1.00,-1.00,0.40,75.0,4056.70,4057.10,4056.70,4057.00,38,29,67,9.00,9.00,-7.00,0.90,22.2,24,120,0.0000,0.0000,-52.00,-178.00,4063.54,-0.5400,DOWN,57.80,1.1592,0.8625
20260714 204036 589,4056.80,1,4056.80,4057.00,0.20,4056.80,1,4056.70,3,4056.60,2,4056.50,4,4056.40,2,4056.30,6,4056.20,3,4056.10,8,4056.00,11,4055.90,10,4057.00,3,4057.10,5,4057.20,3,4057.30,4,4057.40,8,4057.50,5,4057.60,4,4057.70,10,4057.80,8,4057.90,9,Sell,4,6,10,-2.00,1.00,-2.00,0.40,25.0,4056.70,4057.10,4056.70,4056.80,38,29,67,9.00,9.00,-7.00,0.90,22.2,24,120,0.0000,0.0000,-53.00,-179.00,4063.52,-0.5464,DOWN,57.80,1.1592,0.8625
20260714 204050 625,4056.80,1,4056.80,4057.10,0.30,4056.80,3,4056.70,2,4056.60,2,4056.50,4,4056.40,2,4056.30,6,4056.20,3,4056.10,8,4056.00,9,4055.90,10,4057.10,4,4057.20,3,4057.30,4,4057.40,8,4057.50,5,4057.60,4,4057.70,10,4057.80,8,4057.90,9,4058.00,8,Sell,4,7,11,-3.00,1.00,-3.00,0.40,25.0,4056.70,4057.10,4056.70,4056.80,38,29,67,9.00,9.00,-7.00,0.90,22.2,24,120,0.0000,0.0000,-54.00,-180.00,4063.52,-0.5464,DOWN,57.80,1.1592,0.8625
20260714 204050 756,4057.10,1,4056.80,4057.10,0.30,4056.80,4,4056.70,2,4056.60,2,4056.50,5,4056.40,2,4056.30,6,4056.20,3,4056.10,8,4056.00,9,4055.90,10,4057.10,3,4057.20,3,4057.30,3,4057.40,7,4057.50,5,4057.60,4,4057.70,10,4057.80,8,4057.90,9,4058.00,8,Buy,5,7,12,-2.00,1.00,-3.00,0.40,100.0,4056.70,4057.10,4056.70,4057.10,38,29,67,9.00,9.00,-7.00,0.90,22.2,24,120,0.0000,0.5000,-53.00,-179.00,4063.55,-0.5369,DOWN,57.80,1.1592,0.8625
20260714 204050 756,4057.10,1,4056.80,4057.10,0.30,4056.80,4,4056.70,2,4056.60,2,4056.50,5,4056.40,2,4056.30,6,4056.20,3,4056.10,8,4056.00,9,4055.90,10,4057.10,3,4057.20,3,4057.30,3,4057.40,7,4057.50,5,4057.60,4,4057.70,10,4057.80,8,4057.90,9,4058.00,8,Buy,6,7,13,-1.00,1.00,-3.00,0.40,100.0,4056.70,4057.10,4056.70,4057.10,38,29,67,9.00,9.00,-7.00,0.90,22.2,24,120,0.0000,2.0000,-52.00,-178.00,4063.55,-0.5369,DOWN,57.80,1.1592,0.8625
20260714 204051 584,4057.10,1,4056.90,4057.10,0.20,4056.90,2,4056.80,4,4056.70,2,4056.60,2,4056.50,5,4056.40,2,4056.30,6,4056.20,3,4056.10,8,4056.00,9,4057.20,3,4057.30,3,4057.40,7,4057.50,5,4057.60,4,4057.70,10,4057.80,8,4057.90,9,4058.00,8,4058.10,7,Buy,7,7,14,0.00,1.00,-3.00,0.40,100.0,4056.70,4057.10,4056.70,4057.10,38,29,67,9.00,9.00,-7.00,0.90,22.2,24,120,0.0000,1.0000,-51.00,-177.00,4063.55,-0.5369,DOWN,57.80,1.1592,0.8625
20260714 204051 584,4057.10,1,4056.90,4057.10,0.20,4056.90,2,4056.80,4,4056.70,2,4056.60,2,4056.50,5,4056.40,2,4056.30,6,4056.20,3,4056.10,8,4056.00,9,4057.20,3,4057.30,3,4057.40,7,4057.50,5,4057.60,4,4057.70,10,4057.80,8,4057.90,9,4058.00,8,4058.10,7,Buy,8,7,15,1.00,1.00,-3.00,0.40,100.0,4056.70,4057.10,4056.70,4057.10,38,29,67,9.00,9.00,-7.00,0.90,22.2,24,120,0.0000,0.0000,-50.00,-176.00,4063.55,-0.5369,DOWN,57.80,1.1592,0.8625
20260714 204054 458,4057.00,1,4056.90,4057.10,0.20,4056.90,3,4056.80,4,4056.70,2,4056.60,3,4056.50,5,4056.40,2,4056.30,6,4056.20,3,4056.10,8,4056.00,9,4057.10,2,4057.20,3,4057.30,3,4057.40,7,4057.50,5,4057.60,4,4057.70,5,4057.80,8,4057.90,9,4058.00,8,Sell,8,8,16,0.00,1.00,-3.00,0.40,75.0,4056.70,4057.10,4056.70,4057.00,38,29,67,9.00,9.00,-7.00,0.90,22.2,24,120,0.0000,1.0000,-51.00,-177.00,4063.54,-0.5400,DOWN,57.80,1.1592,0.8625
20260714 204055 603,4057.30,1,4057.30,4057.40,0.10,4057.20,2,4057.10,4,4057.00,2,4056.90,3,4056.80,5,4056.70,2,4056.60,3,4056.50,5,4056.40,7,4056.30,11,4057.40,1,4057.50,4,4057.60,4,4057.70,5,4057.80,3,4057.90,4,4058.00,3,4058.10,10,4058.20,9,4058.30,10,Buy,9,8,17,1.00,1.00,-3.00,0.60,100.0,4056.70,4057.30,4056.70,4057.30,38,29,67,9.00,9.00,-7.00,0.90,22.2,24,120,0.0000,0.0000,-50.00,-176.00,4063.57,-0.5305,DOWN,57.80,1.1592,0.8768
20260714 204055 608,4057.40,1,4057.30,4057.40,0.10,4057.20,2,4057.10,4,4057.00,2,4056.90,3,4056.80,5,4056.70,2,4056.60,3,4056.50,5,4056.40,7,4056.30,11,4057.40,1,4057.50,4,4057.60,4,4057.70,5,4057.80,3,4057.90,4,4058.00,3,4058.10,10,4058.20,9,4058.30,10,Buy,10,8,18,2.00,2.00,-3.00,0.70,100.0,4056.70,4057.40,4056.70,4057.40,38,29,67,9.00,9.00,-7.00,0.90,22.2,24,120,0.0000,0.0000,-49.00,-175.00,4063.58,-0.5274,DOWN,57.80,1.1592,0.8839
20260714 204100 034,4057.20,1,4057.20,4057.50,0.30,4057.20,3,4057.10,4,4057.00,2,4056.90,4,4056.80,5,4056.70,2,4056.60,3,4056.50,5,4056.40,7,4056.30,11,4057.50,4,4057.60,4,4057.70,5,4057.80,3,4057.90,4,4058.00,3,4058.10,10,4058.20,9,4058.30,10,4058.40,11,Sell,0,1,1,-1.00,-1.00,-1.00,0.00,0.0,4057.20,4057.20,4057.20,4057.20,10,8,18,2.00,2.00,-3.00,0.70,100.0,3,33,0.0000,0.0000,-7.00,-135.00,4063.56,-0.5337,DOWN,58.00,0.3103,0.8351
20260714 204102 051,4057.50,1,4057.40,4057.80,0.40,4057.40,4,4057.30,3,4057.20,2,4057.10,4,4057.00,3,4056.90,4,4056.80,4,4056.70,2,4056.60,8,4056.50,8,4057.80,4,4057.90,4,4058.00,3,4058.10,3,4058.20,4,4058.30,5,4058.40,11,4058.50,13,4058.60,18,4058.70,8,Buy,1,1,2,0.00,0.00,-1.00,0.30,100.0,4057.20,4057.50,4057.20,4057.50,10,8,18,2.00,2.00,-3.00,0.70,100.0,3,33,0.0000,0.0000,-6.00,-134.00,4063.59,-0.5242,DOWN,58.00,0.3103,0.8422
20260714 204102 052,4057.60,1,4057.40,4057.80,0.40,4057.40,4,4057.30,3,4057.20,2,4057.10,4,4057.00,3,4056.90,4,4056.80,4,4056.70,2,4056.60,8,4056.50,8,4057.80,4,4057.90,4,4058.00,3,4058.10,3,4058.20,4,4058.30,5,4058.40,11,4058.50,13,4058.60,18,4058.70,8,Buy,2,1,3,1.00,1.00,-1.00,0.40,100.0,4057.20,4057.60,4057.20,4057.60,10,8,18,2.00,2.00,-3.00,0.70,100.0,3,33,0.0000,0.0000,-5.00,-133.00,4063.60,-0.5210,DOWN,58.00,0.3103,0.8493
20260714 204102 132,4057.50,1,4057.40,4057.60,0.20,4057.40,2,4057.30,2,4057.20,2,4057.10,5,4057.00,3,4056.90,4,4056.80,4,4056.70,2,4056.60,8,4056.50,8,4057.60,2,4057.70,3,4057.80,4,4057.90,4,4058.00,3,4058.10,3,4058.20,4,4058.30,5,4058.40,11,4058.50,13,Sell,2,2,4,0.00,1.00,-1.00,0.40,75.0,4057.20,4057.60,4057.20,4057.50,10,8,18,2.00,2.00,-3.00,0.70,100.0,3,33,0.0000,1.0000,-6.00,-134.00,4063.59,-0.5242,DOWN,58.00,0.3103,0.8493
20260714 204103 304,4057.60,1,4057.60,4057.70,0.10,4057.60,1,4057.50,4,4057.40,4,4057.30,2,4057.20,3,4057.10,4,4057.00,3,4056.90,8,4056.80,9,4056.70,7,4057.70,1,4057.80,2,4057.90,6,4058.00,2,4058.10,3,4058.20,4,4058.30,6,4058.40,13,4058.50,7,4058.60,13,Buy,3,2,5,1.00,1.00,-1.00,0.40,100.0,4057.20,4057.60,4057.20,4057.60,10,8,18,2.00,2.00,-3.00,0.70,100.0,3,33,0.0000,0.0000,-5.00,-133.00,4063.60,-0.5210,DOWN,58.00,0.3103,0.8493
20260714 204103 306,4057.70,1,4057.60,4057.70,0.10,4057.60,1,4057.50,4,4057.40,4,4057.30,2,4057.20,3,4057.10,4,4057.00,3,4056.90,8,4056.80,9,4056.70,7,4057.70,1,4057.80,2,4057.90,6,4058.00,2,4058.10,3,4058.20,4,4058.30,6,4058.40,13,4058.50,7,4058.60,13,Buy,4,2,6,2.00,2.00,-1.00,0.50,100.0,4057.20,4057.70,4057.20,4057.70,10,8,18,2.00,2.00,-3.00,0.70,100.0,3,33,0.0000,0.0000,-4.00,-132.00,4063.61,-0.5178,DOWN,58.00,0.3103,0.8565
20260714 204103 337,4057.70,1,4057.60,4057.70,0.10,4057.60,1,4057.50,4,4057.40,4,4057.30,2,4057.20,3,4057.10,4,4057.00,3,4056.90,8,4056.80,9,4056.70,7,4057.70,1,4057.80,2,4057.90,6,4058.00,2,4058.10,3,4058.20,4,4058.30,6,4058.40,13,4058.50,7,4058.60,13,Sell,4,3,7,1.00,2.00,-1.00,0.50,100.0,4057.20,4057.70,4057.20,4057.70,10,8,18,2.00,2.00,-3.00,0.70,100.0,3,33,0.0000,1.0000,-5.00,-133.00,4063.61,-0.5178,DOWN,58.00,0.3103,0.8565
20260714 204103 777,4057.70,1,4057.70,4057.90,0.20,4057.60,3,4057.50,4,4057.40,4,4057.30,3,4057.20,3,4057.10,4,4057.00,3,4056.90,8,4056.80,9,4056.70,7,4057.90,3,4058.00,2,4058.10,2,4058.20,4,4058.30,6,4058.40,13,4058.50,7,4058.60,13,4058.70,8,4058.80,13,Buy,5,3,8,2.00,2.00,-1.00,0.50,100.0,4057.20,4057.70,4057.20,4057.70,10,8,18,2.00,2.00,-3.00,0.70,100.0,3,33,0.0000,0.0000,-4.00,-132.00,4063.61,-0.5178,DOWN,58.00,0.3103,0.8565
20260714 204103 779,4057.70,1,4057.70,4057.90,0.20,4057.60,3,4057.50,4,4057.40,4,4057.30,3,4057.20,3,4057.10,4,4057.00,3,4056.90,8,4056.80,9,4056.70,7,4057.90,3,4058.00,2,4058.10,2,4058.20,4,4058.30,6,4058.40,13,4058.50,7,4058.60,13,4058.70,8,4058.80,13,Sell,5,4,9,1.00,2.00,-1.00,0.50,100.0,4057.20,4057.70,4057.20,4057.70,10,8,18,2.00,2.00,-3.00,0.70,100.0,3,33,0.0000,1.0000,-5.00,-133.00,4063.61,-0.5178,DOWN,58.00,0.3103,0.8565
20260714 204108 351,4057.70,1,4057.60,4057.90,0.30,4057.60,3,4057.50,4,4057.40,5,4057.30,3,4057.20,3,4057.10,4,4057.00,3,4056.90,8,4056.80,9,4056.70,7,4057.90,3,4058.00,2,4058.10,2,4058.20,4,4058.30,6,4058.40,13,4058.50,7,4058.60,13,4058.70,8,4058.80,13,Sell,5,5,10,0.00,2.00,-1.00,0.50,100.0,4057.20,4057.70,4057.20,4057.70,10,8,18,2.00,2.00,-3.00,0.70,100.0,3,33,0.0000,2.0000,-6.00,-134.00,4063.61,-0.5178,DOWN,58.00,0.3103,0.8565
20260714 204113 274,4057.90,1,4057.60,4057.90,0.30,4057.60,2,4057.50,4,4057.40,5,4057.30,3,4057.20,3,4057.10,4,4057.00,3,4056.90,8,4056.80,9,4056.70,7,4057.90,3,4058.00,2,4058.10,3,4058.20,12,4058.30,5,4058.40,6,4058.50,7,4058.60,13,4058.70,9,4058.80,13,Buy,6,5,11,1.00,2.00,-1.00,0.70,100.0,4057.20,4057.90,4057.20,4057.90,10,8,18,2.00,2.00,-3.00,0.70,100.0,3,33,0.0000,1.0000,-5.00,-133.00,4063.62,-0.5115,DOWN,58.00,0.3103,0.8708
20260714 204115 261,4057.70,1,4057.50,4057.80,0.30,4057.50,3,4057.40,3,4057.30,3,4057.20,3,4057.10,4,4057.00,3,4056.90,8,4056.80,9,4056.70,7,4056.60,8,4057.80,4,4057.90,4,4058.00,2,4058.10,3,4058.20,12,4058.30,5,4058.40,6,4058.50,7,4058.60,13,4058.70,9,Sell,6,6,12,0.00,2.00,-1.00,0.70,71.4,4057.20,4057.90,4057.20,4057.70,10,8,18,2.00,2.00,-3.00,0.70,100.0,3,33,0.0000,2.0000,-6.00,-134.00,4063.61,-0.5178,DOWN,58.00,0.3103,0.8708
20260714 204115 317,4057.50,1,4057.40,4057.60,0.20,4057.40,1,4057.30,2,4057.20,2,4057.10,3,4057.00,3,4056.90,3,4056.80,4,4056.70,2,4056.60,8,4056.50,8,4057.60,5,4057.70,3,4057.80,4,4057.90,4,4058.00,2,4058.10,3,4058.20,12,4058.30,13,4058.40,14,4058.50,15,Sell,6,7,13,-1.00,2.00,-1.00,0.70,42.9,4057.20,4057.90,4057.20,4057.50,10,8,18,2.00,2.00,-3.00,0.70,100.0,3,33,0.0000,0.0000,-7.00,-135.00,4063.59,-0.5242,DOWN,58.00,0.3103,0.8708
20260714 204115 963,4057.60,1,4057.40,4057.60,0.20,4057.40,1,4057.30,2,4057.20,2,4057.10,3,4057.00,3,4056.90,3,4056.80,4,4056.70,2,4056.60,8,4056.50,8,4057.60,3,4057.70,3,4057.80,4,4057.90,4,4058.00,2,4058.10,3,4058.20,12,4058.30,13,4058.40,14,4058.50,15,Buy,7,7,14,0.00,2.00,-1.00,0.70,57.1,4057.20,4057.90,4057.20,4057.60,10,8,18,2.00,2.00,-3.00,0.70,100.0,3,33,0.0000,2.0000,-6.00,-134.00,4063.60,-0.5210,DOWN,58.00,0.3103,0.8708
20260714 204115 963,4057.60,1,4057.40,4057.60,0.20,4057.40,1,4057.30,2,4057.20,2,4057.10,3,4057.00,3,4056.90,3,4056.80,4,4056.70,2,4056.60,8,4056.50,8,4057.60,3,4057.70,3,4057.80,4,4057.90,4,4058.00,2,4058.10,3,4058.20,12,4058.30,13,4058.40,14,4058.50,15,Buy,8,7,15,1.00,2.00,-1.00,0.70,57.1,4057.20,4057.90,4057.20,4057.60,10,8,18,2.00,2.00,-3.00,0.70,100.0,3,33,0.0000,1.0000,-5.00,-133.00,4063.60,-0.5210,DOWN,58.00,0.3103,0.8708
20260714 204115 963,4057.60,1,4057.40,4057.60,0.20,4057.40,1,4057.30,2,4057.20,2,4057.10,3,4057.00,3,4056.90,3,4056.80,4,4056.70,2,4056.60,8,4056.50,8,4057.60,3,4057.70,3,4057.80,4,4057.90,4,4058.00,2,4058.10,3,4058.20,12,4058.30,13,4058.40,14,4058.50,15,Buy,9,7,16,2.00,2.00,-1.00,0.70,57.1,4057.20,4057.90,4057.20,4057.60,10,8,18,2.00,2.00,-3.00,0.70,100.0,3,33,0.0000,0.0000,-4.00,-132.00,4063.60,-0.5210,DOWN,58.00,0.3103,0.8708
20260714 204118 924,4057.40,1,4057.30,4057.60,0.30,4057.30,1,4057.20,2,4057.10,3,4057.00,3,4056.90,3,4056.80,4,4056.70,2,4056.60,8,4056.50,8,4056.40,8,4057.60,4,4057.70,3,4057.80,4,4057.90,4,4058.00,2,4058.10,3,4058.20,12,4058.30,13,4058.40,14,4058.50,15,Sell,9,8,17,1.00,2.00,-1.00,0.70,28.6,4057.20,4057.90,4057.20,4057.40,10,8,18,2.00,2.00,-3.00,0.70,100.0,3,33,0.0000,1.0000,-5.00,-133.00,4063.58,-0.5274,DOWN,58.00,0.3103,0.8708
20260714 204118 924,4057.30,1,4057.30,4057.60,0.30,4057.30,1,4057.20,2,4057.10,3,4057.00,3,4056.90,3,4056.80,4,4056.70,2,4056.60,8,4056.50,8,4056.40,8,4057.60,4,4057.70,3,4057.80,4,4057.90,4,4058.00,2,4058.10,3,4058.20,12,4058.30,13,4058.40,14,4058.50,15,Sell,9,9,18,0.00,2.00,-1.00,0.70,14.3,4057.20,4057.90,4057.20,4057.30,10,8,18,2.00,2.00,-3.00,0.70,100.0,3,33,0.0000,2.0000,-6.00,-134.00,4063.57,-0.5305,DOWN,58.00,0.3103,0.8708
20260714 204119 876,4057.60,1,4057.30,4057.60,0.30,4057.30,2,4057.20,2,4057.10,3,4057.00,3,4056.90,3,4056.80,4,4056.70,2,4056.60,8,4056.50,8,4056.40,8,4057.50,1,4057.60,3,4057.70,3,4057.80,4,4057.90,4,4058.00,2,4058.10,3,4058.20,12,4058.30,13,4058.40,14,Buy,10,9,19,1.00,2.00,-1.00,0.70,57.1,4057.20,4057.90,4057.20,4057.60,10,8,18,2.00,2.00,-3.00,0.70,100.0,3,33,0.0000,1.0000,-5.00,-133.00,4063.60,-0.5210,DOWN,58.00,0.3103,0.8708
20260714 204124 240,4057.30,1,4057.30,4057.60,0.30,4057.30,3,4057.20,2,4057.10,3,4057.00,3,4056.90,3,4056.80,4,4056.70,2,4056.60,8,4056.50,8,4056.40,8,4057.60,4,4057.70,3,4057.80,4,4057.90,5,4058.00,9,4058.10,2,4058.20,4,4058.30,13,4058.40,14,4058.50,15,Sell,10,10,20,0.00,2.00,-1.00,0.70,14.3,4057.20,4057.90,4057.20,4057.30,10,8,18,2.00,2.00,-3.00,0.70,100.0,3,33,0.0000,2.0000,-6.00,-134.00,4063.57,-0.5305,DOWN,58.00,0.3103,0.8708
20260714 204129 723,4057.30,1,4057.30,4057.50,0.20,4057.20,2,4057.10,3,4057.00,3,4056.90,3,4056.80,4,4056.70,2,4056.60,8,4056.50,8,4056.40,8,4056.30,11,4057.50,4,4057.60,3,4057.70,3,4057.80,4,4057.90,5,4058.00,9,4058.10,2,4058.20,4,4058.30,13,4058.40,14,Sell,10,11,21,-1.00,2.00,-1.00,0.70,14.3,4057.20,4057.90,4057.20,4057.30,10,8,18,2.00,2.00,-3.00,0.70,100.0,3,33,0.0000,0.0000,-7.00,-135.00,4063.57,-0.5305,DOWN,58.00,0.3103,0.8708
