Timestamp,Last,Volume,Bid,Ask,Spread,BidPrice1,BidQty1,BidPrice2,BidQty2,BidPrice3,BidQty3,BidPrice4,BidQty4,BidPrice5,BidQty5,BidPrice6,BidQty6,BidPrice7,BidQty7,BidPrice8,BidQty8,BidPrice9,BidQty9,BidPrice10,BidQty10,AskPrice1,AskQty1,AskPrice2,AskQty2,AskPrice3,AskQty3,AskPrice4,AskQty4,AskPrice5,AskQty5,AskPrice6,AskQty6,AskPrice7,AskQty7,AskPrice8,AskQty8,AskPrice9,AskQty9,AskPrice10,AskQty10,Aggressor,CurBarBuyVol,CurBarSellVol,CurBarTotalVol,CurBarDelta,CurBarMaxSeen,CurBarMinSeen,CurBarRange,CurBarBodyPct,CurBarOpen,CurBarHigh,CurBarLow,CurBarClose,PrevBarBuyVol,PrevBarSellVol,PrevBarTotalVol,PrevBarDelta,PrevBarMaxSeen,PrevBarMinSeen,PrevBarRange,PrevBarBodyPct,PrevBar30sAggDelta,PrevBar30sTradeCount,PrevBarAbsorbRatio,IntraAbsorbRatio,CumDelta5Bars,CumDelta10Bars,HTFEmaValue,HTFEmaSlope,HTFEmaDir,H2_HourlyVolBaseline,H2_PrevBarVolMultiple,ATRValue
20260720 185710 512,4011.50,1,4011.30,4011.50,0.20,4011.30,1,4011.20,2,4011.10,4,4011.00,5,4010.90,2,4010.80,4,4010.70,5,4010.60,11,4010.50,9,4010.40,9,4011.50,2,4011.60,9,4011.70,5,4011.80,6,4011.90,4,4012.00,5,4012.10,9,4012.20,10,4012.30,10,4012.40,9,Buy,2,7,9,-5.00,-1.00,-7.00,0.60,83.3,4011.00,4011.50,4010.90,4011.50,25,36,61,-11.00,-1.00,-17.00,1.10,9.1,12,48,0.5455,0.4000,3.00,-27.00,4013.96,-0.3168,DOWN,56.15,1.0864,1.2009
20260720 185710 512,4011.50,1,4011.30,4011.50,0.20,4011.30,1,4011.20,2,4011.10,4,4011.00,5,4010.90,2,4010.80,4,4010.70,5,4010.60,11,4010.50,9,4010.40,9,4011.50,2,4011.60,9,4011.70,5,4011.80,6,4011.90,4,4012.00,5,4012.10,9,4012.20,10,4012.30,10,4012.40,9,Buy,3,7,10,-4.00,-1.00,-7.00,0.60,83.3,4011.00,4011.50,4010.90,4011.50,25,36,61,-11.00,-1.00,-17.00,1.10,9.1,12,48,0.5455,0.7500,4.00,-26.00,4013.96,-0.3168,DOWN,56.15,1.0864,1.2009
20260720 185710 512,4011.60,3,4011.30,4011.60,0.30,4011.30,3,4011.20,2,4011.10,4,4011.00,5,4010.90,2,4010.80,4,4010.70,5,4010.60,12,4010.50,9,4010.40,9,4011.60,5,4011.70,4,4011.80,6,4011.90,3,4012.00,5,4012.10,10,4012.20,10,4012.30,10,4012.40,9,4012.50,9,Buy,6,7,13,-1.00,-1.00,-7.00,0.70,85.7,4011.00,4011.60,4010.90,4011.60,25,36,61,-11.00,-1.00,-17.00,1.10,9.1,12,48,0.5455,6.0000,7.00,-23.00,4013.97,-0.3136,DOWN,56.15,1.0864,1.2080
20260720 185712 044,4011.60,1,4011.50,4011.60,0.10,4011.40,3,4011.30,3,4011.20,2,4011.10,4,4011.00,5,4010.90,2,4010.80,4,4010.70,5,4010.60,12,4010.50,9,4011.60,5,4011.70,4,4011.80,6,4011.90,3,4012.00,5,4012.10,9,4012.20,10,4012.30,10,4012.40,9,4012.50,9,Buy,7,7,14,0.00,0.00,-7.00,0.70,85.7,4011.00,4011.60,4010.90,4011.60,25,36,61,-11.00,-1.00,-17.00,1.10,9.1,12,48,0.5455,0.0000,8.00,-22.00,4013.97,-0.3136,DOWN,56.15,1.0864,1.2080
20260720 185712 044,4011.60,3,4011.50,4011.60,0.10,4011.40,3,4011.30,3,4011.20,2,4011.10,4,4011.00,5,4010.90,2,4010.80,4,4010.70,5,4010.60,12,4010.50,9,4011.60,5,4011.70,4,4011.80,6,4011.90,3,4012.00,5,4012.10,9,4012.20,10,4012.30,10,4012.40,9,4012.50,9,Buy,10,7,17,3.00,3.00,-7.00,0.70,85.7,4011.00,4011.60,4010.90,4011.60,25,36,61,-11.00,-1.00,-17.00,1.10,9.1,12,48,0.5455,0.0000,11.00,-19.00,4013.97,-0.3136,DOWN,56.15,1.0864,1.2080
20260720 185712 044,4011.60,1,4011.50,4011.60,0.10,4011.40,3,4011.30,3,4011.20,2,4011.10,4,4011.00,5,4010.90,2,4010.80,4,4010.70,5,4010.60,12,4010.50,9,4011.60,5,4011.70,4,4011.80,6,4011.90,3,4012.00,5,4012.10,9,4012.20,10,4012.30,10,4012.40,9,4012.50,9,Buy,11,7,18,4.00,4.00,-7.00,0.70,85.7,4011.00,4011.60,4010.90,4011.60,25,36,61,-11.00,-1.00,-17.00,1.10,9.1,12,48,0.5455,0.0000,12.00,-18.00,4013.97,-0.3136,DOWN,56.15,1.0864,1.2080
20260720 185712 091,4011.70,1,4011.60,4011.80,0.20,4011.60,4,4011.50,7,4011.40,4,4011.30,3,4011.20,2,4011.10,4,4011.00,6,4010.90,2,4010.80,4,4010.70,10,4011.80,2,4011.90,3,4012.00,4,4012.10,4,4012.20,4,4012.30,10,4012.40,9,4012.50,9,4012.60,8,4012.70,12,Buy,12,7,19,5.00,5.00,-7.00,0.80,87.5,4011.00,4011.70,4010.90,4011.70,25,36,61,-11.00,-1.00,-17.00,1.10,9.1,12,48,0.5455,0.0000,13.00,-17.00,4013.98,-0.3104,DOWN,56.15,1.0864,1.2151
20260720 185713 768,4012.10,1,4011.70,4011.90,0.20,4011.70,1,4011.60,3,4011.50,4,4011.40,4,4011.30,4,4011.20,2,4011.10,4,4011.00,9,4010.90,7,4010.80,8,4011.90,4,4012.00,5,4012.10,5,4012.20,5,4012.30,4,4012.40,5,4012.50,11,4012.60,10,4012.70,12,4012.80,15,Buy,13,7,20,6.00,6.00,-7.00,1.20,91.7,4011.00,4012.10,4010.90,4012.10,25,36,61,-11.00,-1.00,-17.00,1.10,9.1,12,48,0.5455,0.0000,14.00,-16.00,4014.01,-0.2977,DOWN,56.15,1.0864,1.2437
20260720 185713 768,4012.10,1,4011.70,4011.90,0.20,4011.70,1,4011.60,3,4011.50,4,4011.40,4,4011.30,4,4011.20,2,4011.10,4,4011.00,9,4010.90,7,4010.80,8,4011.90,4,4012.00,5,4012.10,5,4012.20,5,4012.30,4,4012.40,5,4012.50,11,4012.60,10,4012.70,12,4012.80,15,Buy,14,7,21,7.00,7.00,-7.00,1.20,91.7,4011.00,4012.10,4010.90,4012.10,25,36,61,-11.00,-1.00,-17.00,1.10,9.1,12,48,0.5455,0.0000,15.00,-15.00,4014.01,-0.2977,DOWN,56.15,1.0864,1.2437
20260720 185713 768,4012.10,1,4011.70,4011.90,0.20,4011.70,1,4011.60,3,4011.50,4,4011.40,4,4011.30,4,4011.20,2,4011.10,4,4011.00,9,4010.90,7,4010.80,8,4011.90,4,4012.00,5,4012.10,5,4012.20,5,4012.30,4,4012.40,5,4012.50,11,4012.60,10,4012.70,12,4012.80,15,Buy,15,7,22,8.00,8.00,-7.00,1.20,91.7,4011.00,4012.10,4010.90,4012.10,25,36,61,-11.00,-1.00,-17.00,1.10,9.1,12,48,0.5455,0.0000,16.00,-14.00,4014.01,-0.2977,DOWN,56.15,1.0864,1.2437
20260720 185713 768,4012.10,1,4011.70,4011.90,0.20,4011.70,1,4011.60,3,4011.50,4,4011.40,4,4011.30,4,4011.20,2,4011.10,4,4011.00,9,4010.90,7,4010.80,8,4011.90,4,4012.00,5,4012.10,5,4012.20,5,4012.30,4,4012.40,5,4012.50,11,4012.60,10,4012.70,12,4012.80,15,Buy,16,7,23,9.00,9.00,-7.00,1.20,91.7,4011.00,4012.10,4010.90,4012.10,25,36,61,-11.00,-1.00,-17.00,1.10,9.1,12,48,0.5455,0.0000,17.00,-13.00,4014.01,-0.2977,DOWN,56.15,1.0864,1.2437
20260720 185713 775,4011.90,1,4011.70,4011.90,0.20,4011.70,1,4011.60,3,4011.50,4,4011.40,4,4011.30,4,4011.20,2,4011.10,4,4011.00,9,4010.90,7,4010.80,8,4011.90,4,4012.00,5,4012.10,5,4012.20,5,4012.30,4,4012.40,5,4012.50,11,4012.60,10,4012.70,12,4012.80,15,Sell,16,8,24,8.00,9.00,-7.00,1.20,75.0,4011.00,4012.10,4010.90,4011.90,25,36,61,-11.00,-1.00,-17.00,1.10,9.1,12,48,0.5455,0.1250,16.00,-14.00,4014.00,-0.3041,DOWN,56.15,1.0864,1.2437
20260720 185722 326,4011.80,1,4011.80,4011.90,0.10,4011.70,3,4011.60,3,4011.50,4,4011.40,4,4011.30,4,4011.20,2,4011.10,5,4011.00,9,4010.90,7,4010.80,7,4011.90,2,4012.00,6,4012.10,6,4012.20,5,4012.30,4,4012.40,6,4012.50,11,4012.60,9,4012.70,12,4012.80,15,Sell,16,9,25,7.00,9.00,-7.00,1.20,66.7,4011.00,4012.10,4010.90,4011.80,25,36,61,-11.00,-1.00,-17.00,1.10,9.1,12,48,0.5455,0.2857,15.00,-15.00,4013.99,-0.3073,DOWN,56.15,1.0864,1.2437
20260720 185725 641,4012.10,1,4012.00,4012.20,0.20,4012.00,1,4011.90,3,4011.80,3,4011.70,4,4011.60,4,4011.50,5,4011.40,4,4011.30,8,4011.20,8,4011.10,10,4012.20,3,4012.30,4,4012.40,5,4012.50,4,4012.60,4,4012.70,12,4012.80,16,4012.90,12,4013.00,19,4013.10,20,Buy,17,9,26,8.00,9.00,-7.00,1.20,91.7,4011.00,4012.10,4010.90,4012.10,25,36,61,-11.00,-1.00,-17.00,1.10,9.1,12,48,0.5455,0.1250,16.00,-14.00,4014.01,-0.2977,DOWN,56.15,1.0864,1.2437
20260720 185729 038,4011.80,1,4011.80,4011.90,0.10,4011.60,3,4011.50,3,4011.40,4,4011.30,4,4011.20,2,4011.10,5,4011.00,9,4010.90,7,4010.80,8,4010.70,9,4011.80,1,4011.90,2,4012.00,2,4012.10,3,4012.20,4,4012.30,6,4012.40,5,4012.50,11,4012.60,11,4012.70,12,Sell,17,10,27,7.00,9.00,-7.00,1.20,66.7,4011.00,4012.10,4010.90,4011.80,25,36,61,-11.00,-1.00,-17.00,1.10,9.1,12,48,0.5455,0.2857,15.00,-15.00,4013.99,-0.3073,DOWN,56.15,1.0864,1.2437
20260720 185730 613,4012.00,1,4011.90,4012.20,0.30,4011.90,2,4011.80,4,4011.70,3,4011.60,5,4011.50,4,4011.40,4,4011.30,4,4011.20,2,4011.10,11,4011.00,9,4012.20,5,4012.30,5,4012.40,5,4012.50,5,4012.60,4,4012.70,12,4012.80,15,4012.90,12,4013.00,21,4013.10,20,Buy,18,10,28,8.00,9.00,-7.00,1.20,83.3,4011.00,4012.10,4010.90,4012.00,25,36,61,-11.00,-1.00,-17.00,1.10,9.1,12,48,0.5455,0.1250,16.00,-14.00,4014.01,-0.3009,DOWN,56.15,1.0864,1.2437
20260720 185733 994,4012.00,1,4011.80,4012.00,0.20,4011.80,2,4011.70,3,4011.60,5,4011.50,4,4011.40,4,4011.30,4,4011.20,2,4011.10,10,4011.00,9,4010.90,8,4012.00,2,4012.10,3,4012.20,5,4012.30,5,4012.40,5,4012.50,5,4012.60,4,4012.70,12,4012.80,15,4012.90,12,Buy,19,10,29,9.00,9.00,-7.00,1.20,83.3,4011.00,4012.10,4010.90,4012.00,25,36,61,-11.00,-1.00,-17.00,1.10,9.1,12,48,0.5455,0.0000,17.00,-13.00,4014.01,-0.3009,DOWN,56.15,1.0864,1.2437
20260720 185733 996,4012.00,12,4011.80,4012.00,0.20,4011.80,2,4011.70,3,4011.60,5,4011.50,4,4011.40,4,4011.30,4,4011.20,2,4011.10,10,4011.00,9,4010.90,8,4012.00,2,4012.10,3,4012.20,5,4012.30,5,4012.40,5,4012.50,5,4012.60,4,4012.70,12,4012.80,15,4012.90,12,Sell,19,22,41,-3.00,9.00,-7.00,1.20,83.3,4011.00,4012.10,4010.90,4012.00,25,36,61,-11.00,-1.00,-17.00,1.10,9.1,12,48,0.5455,1.3333,5.00,-25.00,4014.01,-0.3009,DOWN,56.15,1.0864,1.2437
20260720 185734 745,4012.10,1,4012.10,4012.30,0.20,4012.10,2,4012.00,4,4011.80,3,4011.70,3,4011.60,4,4011.50,8,4011.40,9,4011.30,9,4011.20,7,4011.10,10,4012.30,2,4012.40,5,4012.50,5,4012.60,2,4012.70,5,4012.80,8,4012.90,8,4013.00,19,4013.10,20,4013.20,9,Buy,20,22,42,-2.00,9.00,-7.00,1.20,91.7,4011.00,4012.10,4010.90,4012.10,25,36,61,-11.00,-1.00,-17.00,1.10,9.1,12,48,0.5455,2.5000,6.00,-24.00,4014.01,-0.2977,DOWN,56.15,1.0864,1.2437
20260720 185734 745,4012.10,1,4012.10,4012.30,0.20,4012.10,2,4012.00,4,4011.80,3,4011.70,3,4011.60,4,4011.50,8,4011.40,9,4011.30,9,4011.20,7,4011.10,10,4012.30,2,4012.40,5,4012.50,5,4012.60,2,4012.70,5,4012.80,8,4012.90,8,4013.00,19,4013.10,20,4013.20,9,Buy,21,22,43,-1.00,9.00,-7.00,1.20,91.7,4011.00,4012.10,4010.90,4012.10,25,36,61,-11.00,-1.00,-17.00,1.10,9.1,12,48,0.5455,6.0000,7.00,-23.00,4014.01,-0.2977,DOWN,56.15,1.0864,1.2437
20260720 185734 747,4012.20,1,4012.10,4012.30,0.20,4012.10,2,4012.00,4,4011.80,3,4011.70,3,4011.60,4,4011.50,8,4011.40,9,4011.30,9,4011.20,7,4011.10,10,4012.30,2,4012.40,5,4012.50,5,4012.60,2,4012.70,5,4012.80,8,4012.90,8,4013.00,19,4013.10,20,4013.20,9,Buy,22,22,44,0.00,9.00,-7.00,1.30,92.3,4011.00,4012.20,4010.90,4012.20,25,36,61,-11.00,-1.00,-17.00,1.10,9.1,12,48,0.5455,9.0000,8.00,-22.00,4014.02,-0.2946,DOWN,56.15,1.0864,1.2509
20260720 185735 671,4012.10,1,4011.70,4011.90,0.20,4011.70,1,4011.60,3,4011.50,3,4011.40,4,4011.30,4,4011.20,2,4011.10,10,4011.00,9,4010.90,7,4010.80,7,4011.90,3,4012.00,4,4012.10,4,4012.20,8,4012.30,5,4012.40,5,4012.50,5,4012.60,10,4012.70,12,4012.80,15,Sell,22,23,45,-1.00,9.00,-7.00,1.30,84.6,4011.00,4012.20,4010.90,4012.10,25,36,61,-11.00,-1.00,-17.00,1.10,9.1,12,48,0.5455,6.0000,7.00,-23.00,4014.01,-0.2977,DOWN,56.15,1.0864,1.2509
20260720 185735 723,4011.70,1,4011.50,4011.70,0.20,4011.50,3,4011.40,3,4011.30,4,4011.20,2,4011.10,5,4011.00,4,4010.90,7,4010.80,7,4010.70,9,4010.60,9,4011.70,3,4011.80,4,4011.90,3,4012.00,4,4012.10,4,4012.20,7,4012.30,5,4012.40,5,4012.50,11,4012.60,10,Sell,22,24,46,-2.00,9.00,-7.00,1.30,53.8,4011.00,4012.20,4010.90,4011.70,25,36,61,-11.00,-1.00,-17.00,1.10,9.1,12,48,0.5455,2.5000,6.00,-24.00,4013.98,-0.3104,DOWN,56.15,1.0864,1.2509
20260720 185740 279,4011.70,1,4011.60,4011.80,0.20,4011.60,1,4011.50,3,4011.40,4,4011.30,4,4011.20,2,4011.10,5,4011.00,4,4010.90,7,4010.80,7,4010.70,9,4011.80,3,4011.90,3,4012.00,6,4012.10,5,4012.20,7,4012.30,5,4012.40,5,4012.50,11,4012.60,10,4012.70,12,Sell,22,25,47,-3.00,9.00,-7.00,1.30,53.8,4011.00,4012.20,4010.90,4011.70,25,36,61,-11.00,-1.00,-17.00,1.10,9.1,12,48,0.5455,1.3333,5.00,-25.00,4013.98,-0.3104,DOWN,56.15,1.0864,1.2509
20260720 185755 108,4011.40,1,4011.40,4011.60,0.20,4011.30,4,4011.20,2,4011.10,6,4011.00,4,4010.90,2,4010.80,7,4010.70,10,4010.60,9,4010.50,7,4010.40,12,4011.60,3,4011.70,3,4011.80,2,4011.90,3,4012.00,8,4012.10,4,4012.20,6,4012.30,15,4012.40,15,4012.50,11,Sell,22,26,48,-4.00,9.00,-7.00,1.30,30.8,4011.00,4012.20,4010.90,4011.40,25,36,61,-11.00,-1.00,-17.00,1.10,9.1,12,48,0.5455,0.7500,4.00,-26.00,4013.95,-0.3199,DOWN,56.15,1.0864,1.2509
20260720 185758 590,4011.40,1,4011.30,4011.40,0.10,4011.30,3,4011.20,1,4011.10,6,4011.00,4,4010.90,2,4010.80,3,4010.70,10,4010.60,10,4010.50,18,4010.40,10,4011.60,2,4011.70,2,4011.80,3,4011.90,3,4012.00,7,4012.10,4,4012.20,16,4012.30,15,4012.40,15,4012.50,11,Buy,23,26,49,-3.00,9.00,-7.00,1.30,30.8,4011.00,4012.20,4010.90,4011.40,25,36,61,-11.00,-1.00,-17.00,1.10,9.1,12,48,0.5455,1.3333,5.00,-25.00,4013.95,-0.3199,DOWN,56.15,1.0864,1.2509
20260720 185804 432,4011.30,1,4011.10,4011.30,0.20,4011.10,1,4011.00,4,4010.90,5,4010.80,3,4010.70,4,4010.60,5,4010.50,13,4010.40,5,4010.30,12,4010.20,14,4011.30,2,4011.40,6,4011.50,3,4011.60,3,4011.70,1,4011.80,4,4011.90,2,4012.00,13,4012.10,12,4012.20,13,Sell,0,1,1,-1.00,-1.00,-1.00,0.00,0.0,4011.30,4011.30,4011.30,4011.30,23,26,49,-3.00,9.00,-7.00,1.30,30.8,0,24,1.3333,0.0000,-6.00,-22.00,4013.94,-0.3231,DOWN,56.75,0.8634,1.1687
20260720 185804 432,4011.30,1,4011.10,4011.30,0.20,4011.10,1,4011.00,4,4010.90,5,4010.80,3,4010.70,4,4010.60,5,4010.50,13,4010.40,5,4010.30,12,4010.20,14,4011.30,2,4011.40,6,4011.50,3,4011.60,3,4011.70,1,4011.80,4,4011.90,2,4012.00,13,4012.10,12,4012.20,13,Sell,0,2,2,-2.00,-1.00,-2.00,0.00,0.0,4011.30,4011.30,4011.30,4011.30,23,26,49,-3.00,9.00,-7.00,1.30,30.8,0,24,1.3333,0.0000,-7.00,-23.00,4013.94,-0.3231,DOWN,56.75,0.8634,1.1687
20260720 185804 433,4011.20,1,4011.10,4011.30,0.20,4011.10,1,4011.00,4,4010.90,5,4010.80,3,4010.70,4,4010.60,5,4010.50,13,4010.40,5,4010.30,12,4010.20,14,4011.30,2,4011.40,6,4011.50,3,4011.60,3,4011.70,1,4011.80,4,4011.90,2,4012.00,13,4012.10,12,4012.20,13,Sell,0,3,3,-3.00,-1.00,-3.00,0.10,100.0,4011.30,4011.30,4011.20,4011.20,23,26,49,-3.00,9.00,-7.00,1.30,30.8,0,24,1.3333,0.0000,-8.00,-24.00,4013.93,-0.3263,DOWN,56.75,0.8634,1.1758
20260720 185804 433,4011.20,1,4011.10,4011.30,0.20,4011.10,1,4011.00,4,4010.90,5,4010.80,3,4010.70,4,4010.60,5,4010.50,13,4010.40,5,4010.30,12,4010.20,14,4011.30,2,4011.40,6,4011.50,3,4011.60,3,4011.70,1,4011.80,4,4011.90,2,4012.00,13,4012.10,12,4012.20,13,Sell,0,4,4,-4.00,-1.00,-4.00,0.10,100.0,4011.30,4011.30,4011.20,4011.20,23,26,49,-3.00,9.00,-7.00,1.30,30.8,0,24,1.3333,0.0000,-9.00,-25.00,4013.93,-0.3263,DOWN,56.75,0.8634,1.1758
20260720 185804 433,4011.10,1,4011.10,4011.30,0.20,4011.10,1,4011.00,4,4010.90,5,4010.80,3,4010.70,4,4010.60,5,4010.50,13,4010.40,5,4010.30,12,4010.20,14,4011.30,2,4011.40,6,4011.50,3,4011.60,3,4011.70,1,4011.80,4,4011.90,2,4012.00,13,4012.10,12,4012.20,13,Sell,0,5,5,-5.00,-1.00,-5.00,0.20,100.0,4011.30,4011.30,4011.10,4011.10,23,26,49,-3.00,9.00,-7.00,1.30,30.8,0,24,1.3333,0.0000,-10.00,-26.00,4013.92,-0.3295,DOWN,56.75,0.8634,1.1829
20260720 185804 433,4011.10,1,4011.10,4011.30,0.20,4011.10,1,4011.00,4,4010.90,5,4010.80,3,4010.70,4,4010.60,5,4010.50,13,4010.40,5,4010.30,12,4010.20,14,4011.30,2,4011.40,6,4011.50,3,4011.60,3,4011.70,1,4011.80,4,4011.90,2,4012.00,13,4012.10,12,4012.20,13,Sell,0,6,6,-6.00,-1.00,-6.00,0.20,100.0,4011.30,4011.30,4011.10,4011.10,23,26,49,-3.00,9.00,-7.00,1.30,30.8,0,24,1.3333,0.0000,-11.00,-27.00,4013.92,-0.3295,DOWN,56.75,0.8634,1.1829
20260720 185804 433,4011.10,1,4011.10,4011.30,0.20,4011.10,1,4011.00,4,4010.90,5,4010.80,3,4010.70,4,4010.60,5,4010.50,13,4010.40,5,4010.30,12,4010.20,14,4011.30,2,4011.40,6,4011.50,3,4011.60,3,4011.70,1,4011.80,4,4011.90,2,4012.00,13,4012.10,12,4012.20,13,Sell,0,7,7,-7.00,-1.00,-7.00,0.20,100.0,4011.30,4011.30,4011.10,4011.10,23,26,49,-3.00,9.00,-7.00,1.30,30.8,0,24,1.3333,0.0000,-12.00,-28.00,4013.92,-0.3295,DOWN,56.75,0.8634,1.1829
20260720 185804 436,4011.10,1,4011.10,4011.30,0.20,4011.10,1,4011.00,4,4010.90,5,4010.80,3,4010.70,4,4010.60,5,4010.50,13,4010.40,5,4010.30,12,4010.20,14,4011.30,2,4011.40,6,4011.50,3,4011.60,3,4011.70,1,4011.80,4,4011.90,2,4012.00,13,4012.10,12,4012.20,13,Sell,0,8,8,-8.00,-1.00,-8.00,0.20,100.0,4011.30,4011.30,4011.10,4011.10,23,26,49,-3.00,9.00,-7.00,1.30,30.8,0,24,1.3333,0.0000,-13.00,-29.00,4013.92,-0.3295,DOWN,56.75,0.8634,1.1829
20260720 185804 437,4011.10,1,4011.10,4011.30,0.20,4011.10,1,4011.00,4,4010.90,5,4010.80,3,4010.70,4,4010.60,5,4010.50,13,4010.40,5,4010.30,12,4010.20,14,4011.30,2,4011.40,6,4011.50,3,4011.60,3,4011.70,1,4011.80,4,4011.90,2,4012.00,13,4012.10,12,4012.20,13,Sell,0,9,9,-9.00,-1.00,-9.00,0.20,100.0,4011.30,4011.30,4011.10,4011.10,23,26,49,-3.00,9.00,-7.00,1.30,30.8,0,24,1.3333,0.0000,-14.00,-30.00,4013.92,-0.3295,DOWN,56.75,0.8634,1.1829
20260720 185804 437,4011.10,1,4011.10,4011.30,0.20,4011.10,1,4011.00,4,4010.90,5,4010.80,3,4010.70,4,4010.60,5,4010.50,13,4010.40,5,4010.30,12,4010.20,14,4011.30,2,4011.40,6,4011.50,3,4011.60,3,4011.70,1,4011.80,4,4011.90,2,4012.00,13,4012.10,12,4012.20,13,Sell,0,10,10,-10.00,-1.00,-10.00,0.20,100.0,4011.30,4011.30,4011.10,4011.10,23,26,49,-3.00,9.00,-7.00,1.30,30.8,0,24,1.3333,0.0000,-15.00,-31.00,4013.92,-0.3295,DOWN,56.75,0.8634,1.1829
20260720 185804 438,4011.10,1,4011.10,4011.30,0.20,4011.10,1,4011.00,4,4010.90,5,4010.80,3,4010.70,4,4010.60,5,4010.50,13,4010.40,5,4010.30,12,4010.20,14,4011.30,2,4011.40,6,4011.50,3,4011.60,3,4011.70,1,4011.80,4,4011.90,2,4012.00,13,4012.10,12,4012.20,13,Sell,0,11,11,-11.00,-1.00,-11.00,0.20,100.0,4011.30,4011.30,4011.10,4011.10,23,26,49,-3.00,9.00,-7.00,1.30,30.8,0,24,1.3333,0.0000,-16.00,-32.00,4013.92,-0.3295,DOWN,56.75,0.8634,1.1829
20260720 185818 427,4011.10,1,4011.00,4011.30,0.30,4011.00,5,4010.90,4,4010.80,3,4010.70,3,4010.60,5,4010.50,13,4010.40,15,4010.30,12,4010.20,14,4010.10,11,4011.30,3,4011.40,2,4011.50,3,4011.60,3,4011.70,1,4011.80,3,4011.90,3,4012.00,13,4012.10,12,4012.20,13,Sell,0,12,12,-12.00,-1.00,-12.00,0.20,100.0,4011.30,4011.30,4011.10,4011.10,23,26,49,-3.00,9.00,-7.00,1.30,30.8,0,24,1.3333,0.0000,-17.00,-33.00,4013.92,-0.3295,DOWN,56.75,0.8634,1.1829
20260720 185818 427,4011.10,1,4011.00,4011.30,0.30,4011.00,5,4010.90,4,4010.80,3,4010.70,3,4010.60,5,4010.50,13,4010.40,15,4010.30,12,4010.20,14,4010.10,11,4011.30,3,4011.40,2,4011.50,3,4011.60,3,4011.70,1,4011.80,3,4011.90,3,4012.00,13,4012.10,12,4012.20,13,Sell,0,13,13,-13.00,-1.00,-13.00,0.20,100.0,4011.30,4011.30,4011.10,4011.10,23,26,49,-3.00,9.00,-7.00,1.30,30.8,0,24,1.3333,0.0000,-18.00,-34.00,4013.92,-0.3295,DOWN,56.75,0.8634,1.1829
20260720 185818 427,4011.00,1,4011.00,4011.30,0.30,4011.00,5,4010.90,4,4010.80,3,4010.70,3,4010.60,5,4010.50,13,4010.40,15,4010.30,12,4010.20,14,4010.10,11,4011.30,3,4011.40,2,4011.50,3,4011.60,3,4011.70,1,4011.80,3,4011.90,3,4012.00,13,4012.10,12,4012.20,13,Sell,0,14,14,-14.00,-1.00,-14.00,0.30,100.0,4011.30,4011.30,4011.00,4011.00,23,26,49,-3.00,9.00,-7.00,1.30,30.8,0,24,1.3333,0.0000,-19.00,-35.00,4013.91,-0.3326,DOWN,56.75,0.8634,1.1901
20260720 185818 427,4011.00,1,4011.00,4011.30,0.30,4011.00,5,4010.90,4,4010.80,3,4010.70,3,4010.60,5,4010.50,13,4010.40,15,4010.30,12,4010.20,14,4010.10,11,4011.30,3,4011.40,2,4011.50,3,4011.60,3,4011.70,1,4011.80,3,4011.90,3,4012.00,13,4012.10,12,4012.20,13,Sell,0,15,15,-15.00,-1.00,-15.00,0.30,100.0,4011.30,4011.30,4011.00,4011.00,23,26,49,-3.00,9.00,-7.00,1.30,30.8,0,24,1.3333,0.0000,-20.00,-36.00,4013.91,-0.3326,DOWN,56.75,0.8634,1.1901
20260720 185818 427,4011.00,1,4011.00,4011.30,0.30,4011.00,5,4010.90,4,4010.80,3,4010.70,3,4010.60,5,4010.50,13,4010.40,15,4010.30,12,4010.20,14,4010.10,11,4011.30,3,4011.40,2,4011.50,3,4011.60,3,4011.70,1,4011.80,3,4011.90,3,4012.00,13,4012.10,12,4012.20,13,Sell,0,16,16,-16.00,-1.00,-16.00,0.30,100.0,4011.30,4011.30,4011.00,4011.00,23,26,49,-3.00,9.00,-7.00,1.30,30.8,0,24,1.3333,0.0000,-21.00,-37.00,4013.91,-0.3326,DOWN,56.75,0.8634,1.1901
20260720 185818 427,4011.00,1,4011.00,4011.30,0.30,4011.00,5,4010.90,4,4010.80,3,4010.70,3,4010.60,5,4010.50,13,4010.40,15,4010.30,12,4010.20,14,4010.10,11,4011.30,3,4011.40,2,4011.50,3,4011.60,3,4011.70,1,4011.80,3,4011.90,3,4012.00,13,4012.10,12,4012.20,13,Sell,0,17,17,-17.00,-1.00,-17.00,0.30,100.0,4011.30,4011.30,4011.00,4011.00,23,26,49,-3.00,9.00,-7.00,1.30,30.8,0,24,1.3333,0.0000,-22.00,-38.00,4013.91,-0.3326,DOWN,56.75,0.8634,1.1901
20260720 185818 427,4011.00,1,4011.00,4011.30,0.30,4011.00,5,4010.90,4,4010.80,3,4010.70,3,4010.60,5,4010.50,13,4010.40,15,4010.30,12,4010.20,14,4010.10,11,4011.30,3,4011.40,2,4011.50,3,4011.60,3,4011.70,1,4011.80,3,4011.90,3,4012.00,13,4012.10,12,4012.20,13,Sell,0,18,18,-18.00,-1.00,-18.00,0.30,100.0,4011.30,4011.30,4011.00,4011.00,23,26,49,-3.00,9.00,-7.00,1.30,30.8,0,24,1.3333,0.0000,-23.00,-39.00,4013.91,-0.3326,DOWN,56.75,0.8634,1.1901
20260720 185818 427,4011.00,1,4011.00,4011.30,0.30,4011.00,5,4010.90,4,4010.80,3,4010.70,3,4010.60,5,4010.50,13,4010.40,15,4010.30,12,4010.20,14,4010.10,11,4011.30,3,4011.40,2,4011.50,3,4011.60,3,4011.70,1,4011.80,3,4011.90,3,4012.00,13,4012.10,12,4012.20,13,Sell,0,19,19,-19.00,-1.00,-19.00,0.30,100.0,4011.30,4011.30,4011.00,4011.00,23,26,49,-3.00,9.00,-7.00,1.30,30.8,0,24,1.3333,0.0000,-24.00,-40.00,4013.91,-0.3326,DOWN,56.75,0.8634,1.1901
20260720 185818 427,4010.90,1,4011.00,4011.30,0.30,4011.00,5,4010.90,4,4010.80,3,4010.70,3,4010.60,5,4010.50,13,4010.40,15,4010.30,12,4010.20,14,4010.10,11,4011.30,3,4011.40,2,4011.50,3,4011.60,3,4011.70,1,4011.80,3,4011.90,3,4012.00,13,4012.10,12,4012.20,13,Sell,0,20,20,-20.00,-1.00,-20.00,0.40,100.0,4011.30,4011.30,4010.90,4010.90,23,26,49,-3.00,9.00,-7.00,1.30,30.8,0,24,1.3333,0.0000,-25.00,-41.00,4013.90,-0.3358,DOWN,56.75,0.8634,1.1972
20260720 185830 029,4011.00,1,4010.70,4011.00,0.30,4010.80,1,4010.70,3,4010.60,4,4010.50,3,4010.40,5,4010.30,2,4010.20,14,4010.10,11,4010.00,13,4009.90,13,4011.00,2,4011.10,4,4011.20,3,4011.30,2,4011.40,4,4011.50,3,4011.60,3,4011.70,7,4011.80,8,4011.90,8,Buy,1,20,21,-19.00,-1.00,-20.00,0.40,75.0,4011.30,4011.30,4010.90,4011.00,23,26,49,-3.00,9.00,-7.00,1.30,30.8,0,24,1.3333,0.0526,-24.00,-40.00,4013.91,-0.3326,DOWN,56.75,0.8634,1.1972
20260720 185831 448,4011.00,1,4011.00,4011.30,0.30,4011.00,2,4010.90,5,4010.80,7,4010.70,5,4010.60,4,4010.50,3,4010.40,5,4010.30,12,4010.20,14,4010.10,11,4011.30,3,4011.40,3,4011.50,3,4011.60,3,4011.70,2,4011.80,8,4011.90,8,4012.00,12,4012.10,10,4012.20,14,Buy,2,20,22,-18.00,-1.00,-20.00,0.40,75.0,4011.30,4011.30,4010.90,4011.00,23,26,49,-3.00,9.00,-7.00,1.30,30.8,0,24,1.3333,0.1111,-23.00,-39.00,4013.91,-0.3326,DOWN,56.75,0.8634,1.1972
20260720 185831 448,4011.00,1,4011.00,4011.30,0.30,4011.00,2,4010.90,5,4010.80,7,4010.70,5,4010.60,4,4010.50,3,4010.40,5,4010.30,12,4010.20,14,4010.10,11,4011.30,3,4011.40,3,4011.50,3,4011.60,3,4011.70,2,4011.80,8,4011.90,8,4012.00,12,4012.10,10,4012.20,14,Buy,3,20,23,-17.00,-1.00,-20.00,0.40,75.0,4011.30,4011.30,4010.90,4011.00,23,26,49,-3.00,9.00,-7.00,1.30,30.8,0,24,1.3333,0.1765,-22.00,-38.00,4013.91,-0.3326,DOWN,56.75,0.8634,1.1972
20260720 185831 911,4011.30,1,4011.10,4011.40,0.30,4011.10,2,4011.00,3,4010.90,5,4010.80,7,4010.70,4,4010.60,4,4010.50,3,4010.40,5,4010.30,13,4010.20,14,4011.40,4,4011.50,3,4011.60,3,4011.70,2,4011.80,3,4011.90,8,4012.00,12,4012.10,10,4012.20,12,4012.30,11,Buy,4,20,24,-16.00,-1.00,-20.00,0.40,0.0,4011.30,4011.30,4010.90,4011.30,23,26,49,-3.00,9.00,-7.00,1.30,30.8,0,24,1.3333,0.2500,-21.00,-37.00,4013.94,-0.3231,DOWN,56.75,0.8634,1.1972
20260720 185839 572,4010.80,1,4010.80,4011.00,0.20,4010.80,2,4010.70,4,4010.60,4,4010.50,2,4010.40,5,4010.30,2,4010.20,4,4010.10,12,4010.00,14,4009.90,15,4011.00,2,4011.10,3,4011.20,4,4011.30,4,4011.40,6,4011.50,3,4011.60,9,4011.70,7,4011.80,9,4011.90,7,Sell,4,21,25,-17.00,-1.00,-20.00,0.50,100.0,4011.30,4011.30,4010.80,4010.80,23,26,49,-3.00,9.00,-7.00,1.30,30.8,0,24,1.3333,0.1765,-22.00,-38.00,4013.89,-0.3390,DOWN,56.75,0.8634,1.2044
20260720 185841 770,4010.80,1,4010.70,4010.90,0.20,4010.70,1,4010.60,3,4010.50,8,4010.40,6,4010.30,2,4010.20,4,4010.10,7,4010.00,28,4009.90,18,4009.80,26,4010.90,4,4011.00,6,4011.10,5,4011.20,6,4011.30,5,4011.40,7,4011.50,9,4011.60,9,4011.70,7,4011.80,10,Sell,4,22,26,-18.00,-1.00,-20.00,0.50,100.0,4011.30,4011.30,4010.80,4010.80,23,26,49,-3.00,9.00,-7.00,1.30,30.8,0,24,1.3333,0.1111,-23.00,-39.00,4013.89,-0.3390,DOWN,56.75,0.8634,1.2044
20260720 185851 256,4011.20,1,4011.10,4011.40,0.30,4011.10,2,4011.00,4,4010.90,2,4010.80,5,4010.70,4,4010.60,5,4010.50,7,4010.40,17,4010.30,7,4010.20,9,4011.40,5,4011.50,4,4011.60,5,4011.70,4,4011.80,4,4011.90,7,4012.00,11,4012.10,10,4012.20,12,4012.30,11,Buy,5,22,27,-17.00,-1.00,-20.00,0.50,20.0,4011.30,4011.30,4010.80,4011.20,23,26,49,-3.00,9.00,-7.00,1.30,30.8,0,24,1.3333,0.1765,-22.00,-38.00,4013.93,-0.3263,DOWN,56.75,0.8634,1.2044
20260720 185851 555,4011.10,1,4011.10,4011.30,0.20,4011.10,1,4011.00,5,4010.90,3,4010.80,5,4010.70,4,4010.60,6,4010.50,6,4010.40,17,4010.30,7,4010.20,9,4011.30,2,4011.40,5,4011.50,4,4011.60,5,4011.70,4,4011.80,4,4011.90,7,4012.00,11,4012.10,10,4012.20,12,Sell,5,23,28,-18.00,-1.00,-20.00,0.50,40.0,4011.30,4011.30,4010.80,4011.10,23,26,49,-3.00,9.00,-7.00,1.30,30.8,0,24,1.3333,0.1111,-23.00,-39.00,4013.92,-0.3295,DOWN,56.75,0.8634,1.2044
20260720 185900 832,4011.30,1,4011.30,4011.50,0.20,4011.30,2,4011.20,2,4011.10,3,4011.00,5,4010.90,4,4010.80,6,4010.70,4,4010.60,5,4010.50,10,4010.40,22,4011.50,2,4011.60,3,4011.70,3,4011.80,4,4011.90,4,4012.00,12,4012.10,10,4012.20,12,4012.30,11,4012.40,12,Sell,0,1,1,-1.00,-1.00,-1.00,0.00,0.0,4011.30,4011.30,4011.30,4011.30,5,23,28,-18.00,-1.00,-20.00,0.50,40.0,3,21,0.1111,0.0000,-49.00,-20.00,4013.94,-0.3231,DOWN,56.65,0.4943,1.1326
20260720 185903 074,4011.80,1,4011.60,4011.80,0.20,4011.60,3,4011.50,3,4011.40,5,4011.30,5,4011.20,5,4011.10,5,4011.00,4,4010.90,3,4010.80,9,4010.70,10,4011.80,2,4011.90,3,4012.00,6,4012.10,6,4012.20,7,4012.30,6,4012.40,11,4012.50,9,4012.60,9,4012.70,10,Buy,1,1,2,0.00,0.00,-1.00,0.50,100.0,4011.30,4011.80,4011.30,4011.80,5,23,28,-18.00,-1.00,-20.00,0.50,40.0,3,21,0.1111,0.0000,-48.00,-19.00,4013.99,-0.3073,DOWN,56.65,0.4943,1.1683
20260720 185903 074,4011.80,1,4011.60,4011.80,0.20,4011.60,3,4011.50,3,4011.40,5,4011.30,5,4011.20,5,4011.10,5,4011.00,4,4010.90,3,4010.80,9,4010.70,10,4011.80,2,4011.90,3,4012.00,6,4012.10,6,4012.20,7,4012.30,6,4012.40,11,4012.50,9,4012.60,9,4012.70,10,Buy,2,1,3,1.00,1.00,-1.00,0.50,100.0,4011.30,4011.80,4011.30,4011.80,5,23,28,-18.00,-1.00,-20.00,0.50,40.0,3,21,0.1111,0.0000,-47.00,-18.00,4013.99,-0.3073,DOWN,56.65,0.4943,1.1683
20260720 185904 024,4011.60,1,4011.50,4011.70,0.20,4011.50,2,4011.40,2,4011.30,3,4011.20,4,4011.10,5,4011.00,4,4010.90,3,4010.80,9,4010.70,9,4010.60,21,4011.70,4,4011.80,3,4011.90,3,4012.00,7,4012.10,6,4012.20,7,4012.30,16,4012.40,10,4012.50,9,4012.60,9,Buy,3,1,4,2.00,2.00,-1.00,0.50,60.0,4011.30,4011.80,4011.30,4011.60,5,23,28,-18.00,-1.00,-20.00,0.50,40.0,3,21,0.1111,0.0000,-46.00,-17.00,4013.97,-0.3136,DOWN,56.65,0.4943,1.1683
20260720 185910 481,4011.60,1,4011.50,4011.70,0.20,4011.50,2,4011.40,3,4011.30,4,4011.20,4,4011.10,5,4011.00,5,4010.90,3,4010.80,9,4010.70,9,4010.60,20,4011.70,1,4011.80,3,4011.90,3,4012.00,7,4012.10,6,4012.20,7,4012.30,6,4012.40,15,4012.50,13,4012.60,13,Sell,3,2,5,1.00,2.00,-1.00,0.50,60.0,4011.30,4011.80,4011.30,4011.60,5,23,28,-18.00,-1.00,-20.00,0.50,40.0,3,21,0.1111,1.0000,-47.00,-18.00,4013.97,-0.3136,DOWN,56.65,0.4943,1.1683
20260720 185911 723,4011.50,1,4011.50,4011.70,0.20,4011.50,2,4011.40,4,4011.30,4,4011.20,4,4011.10,5,4011.00,5,4010.90,3,4010.80,9,4010.70,9,4010.60,20,4011.70,1,4011.80,3,4011.90,3,4012.00,7,4012.10,6,4012.20,7,4012.30,6,4012.40,15,4012.50,13,4012.60,13,Sell,3,3,6,0.00,2.00,-1.00,0.50,40.0,4011.30,4011.80,4011.30,4011.50,5,23,28,-18.00,-1.00,-20.00,0.50,40.0,3,21,0.1111,2.0000,-48.00,-19.00,4013.96,-0.3168,DOWN,56.65,0.4943,1.1683
20260720 185911 723,4011.50,1,4011.50,4011.70,0.20,4011.50,2,4011.40,4,4011.30,4,4011.20,4,4011.10,5,4011.00,5,4010.90,3,4010.80,9,4010.70,9,4010.60,20,4011.70,1,4011.80,3,4011.90,3,4012.00,7,4012.10,6,4012.20,7,4012.30,6,4012.40,15,4012.50,13,4012.60,13,Sell,3,4,7,-1.00,2.00,-1.00,0.50,40.0,4011.30,4011.80,4011.30,4011.50,5,23,28,-18.00,-1.00,-20.00,0.50,40.0,3,21,0.1111,0.0000,-49.00,-20.00,4013.96,-0.3168,DOWN,56.65,0.4943,1.1683
20260720 185919 921,4011.60,1,4011.40,4011.60,0.20,4011.40,2,4011.30,3,4011.20,3,4011.10,5,4011.00,5,4010.90,4,4010.80,4,4010.70,9,4010.60,20,4010.50,10,4011.60,1,4011.70,2,4011.80,4,4011.90,3,4012.00,8,4012.10,6,4012.20,16,4012.30,15,4012.40,14,4012.50,15,Buy,4,4,8,0.00,2.00,-1.00,0.50,60.0,4011.30,4011.80,4011.30,4011.60,5,23,28,-18.00,-1.00,-20.00,0.50,40.0,3,21,0.1111,2.0000,-48.00,-19.00,4013.97,-0.3136,DOWN,56.65,0.4943,1.1683
20260720 185930 118,4011.70,1,4011.70,4011.90,0.20,4011.70,1,4011.60,2,4011.50,3,4011.40,4,4011.30,4,4011.20,5,4011.10,6,4011.00,4,4010.90,9,4010.80,10,4011.80,1,4011.90,3,4012.00,6,4012.10,6,4012.20,7,4012.30,6,4012.40,14,4012.50,14,4012.60,14,4012.70,14,Sell,4,5,9,-1.00,2.00,-1.00,0.50,80.0,4011.30,4011.80,4011.30,4011.70,5,23,28,-18.00,-1.00,-20.00,0.50,40.0,3,21,0.1111,0.0000,-49.00,-20.00,4013.98,-0.3104,DOWN,56.65,0.4943,1.1683
20260720 185931 023,4011.50,1,4011.30,4011.60,0.30,4011.30,3,4011.20,4,4011.10,5,4011.00,4,4010.90,4,4010.80,10,4010.70,19,4010.60,9,4010.50,11,4010.40,10,4011.60,4,4011.70,3,4011.80,4,4011.90,4,4012.00,9,4012.10,7,4012.20,7,4012.30,15,4012.40,14,4012.50,14,Sell,4,6,10,-2.00,2.00,-2.00,0.50,40.0,4011.30,4011.80,4011.30,4011.50,5,23,28,-18.00,-1.00,-20.00,0.50,40.0,3,21,0.1111,0.0000,-50.00,-21.00,4013.96,-0.3168,DOWN,56.65,0.4943,1.1683
20260720 185932 839,4011.50,1,4011.30,4011.60,0.30,4011.30,3,4011.20,2,4011.10,4,4011.00,4,4010.90,4,4010.80,5,4010.70,5,4010.60,9,4010.50,10,4010.40,10,4011.60,4,4011.70,3,4011.80,4,4011.90,4,4012.00,8,4012.10,7,4012.20,16,4012.30,15,4012.40,14,4012.50,14,Buy,5,6,11,-1.00,2.00,-2.00,0.50,40.0,4011.30,4011.80,4011.30,4011.50,5,23,28,-18.00,-1.00,-20.00,0.50,40.0,3,21,0.1111,1.0000,-49.00,-20.00,4013.96,-0.3168,DOWN,56.65,0.4943,1.1683
20260720 185932 839,4011.50,1,4011.30,4011.60,0.30,4011.30,3,4011.20,2,4011.10,4,4011.00,4,4010.90,4,4010.80,5,4010.70,5,4010.60,9,4010.50,10,4010.40,10,4011.60,4,4011.70,3,4011.80,4,4011.90,4,4012.00,8,4012.10,7,4012.20,16,4012.30,15,4012.40,14,4012.50,14,Buy,6,6,12,0.00,2.00,-2.00,0.50,40.0,4011.30,4011.80,4011.30,4011.50,5,23,28,-18.00,-1.00,-20.00,0.50,40.0,3,21,0.1111,2.0000,-48.00,-19.00,4013.96,-0.3168,DOWN,56.65,0.4943,1.1683
20260720 185949 380,4011.90,1,4011.90,4012.10,0.20,4011.70,2,4011.60,2,4011.50,2,4011.40,4,4011.30,3,4011.20,5,4011.10,5,4011.00,4,4010.90,9,4010.80,10,4012.00,7,4012.10,6,4012.20,7,4012.30,6,4012.40,14,4012.50,15,4012.60,13,4012.70,14,4012.80,32,4012.90,12,Buy,7,6,13,1.00,2.00,-2.00,0.60,100.0,4011.30,4011.90,4011.30,4011.90,5,23,28,-18.00,-1.00,-20.00,0.50,40.0,3,21,0.1111,1.0000,-47.00,-18.00,4014.00,-0.3041,DOWN,56.65,0.4943,1.1755
20260720 185949 380,4011.90,1,4011.90,4012.10,0.20,4011.70,2,4011.60,2,4011.50,2,4011.40,4,4011.30,3,4011.20,5,4011.10,5,4011.00,4,4010.90,9,4010.80,10,4012.00,7,4012.10,6,4012.20,7,4012.30,6,4012.40,14,4012.50,15,4012.60,13,4012.70,14,4012.80,32,4012.90,12,Buy,8,6,14,2.00,2.00,-2.00,0.60,100.0,4011.30,4011.90,4011.30,4011.90,5,23,28,-18.00,-1.00,-20.00,0.50,40.0,3,21,0.1111,0.0000,-46.00,-17.00,4014.00,-0.3041,DOWN,56.65,0.4943,1.1755
20260720 185949 383,4012.00,1,4011.90,4012.10,0.20,4011.70,2,4011.60,2,4011.50,2,4011.40,4,4011.30,3,4011.20,5,4011.10,5,4011.00,4,4010.90,9,4010.80,10,4012.00,7,4012.10,6,4012.20,7,4012.30,6,4012.40,14,4012.50,15,4012.60,13,4012.70,14,4012.80,32,4012.90,12,Buy,9,6,15,3.00,3.00,-2.00,0.70,100.0,4011.30,4012.00,4011.30,4012.00,5,23,28,-18.00,-1.00,-20.00,0.50,40.0,3,21,0.1111,0.0000,-45.00,-16.00,4014.01,-0.3009,DOWN,56.65,0.4943,1.1826
20260720 185949 383,4012.00,1,4011.90,4012.10,0.20,4011.70,2,4011.60,2,4011.50,2,4011.40,4,4011.30,3,4011.20,5,4011.10,5,4011.00,4,4010.90,9,4010.80,10,4012.00,7,4012.10,6,4012.20,7,4012.30,6,4012.40,14,4012.50,15,4012.60,13,4012.70,14,4012.80,32,4012.90,12,Buy,10,6,16,4.00,4.00,-2.00,0.70,100.0,4011.30,4012.00,4011.30,4012.00,5,23,28,-18.00,-1.00,-20.00,0.50,40.0,3,21,0.1111,0.0000,-44.00,-15.00,4014.01,-0.3009,DOWN,56.65,0.4943,1.1826
20260720 185949 383,4012.00,2,4011.90,4012.10,0.20,4011.70,2,4011.60,2,4011.50,2,4011.40,4,4011.30,3,4011.20,5,4011.10,5,4011.00,4,4010.90,9,4010.80,10,4012.00,7,4012.10,6,4012.20,7,4012.30,6,4012.40,14,4012.50,15,4012.60,13,4012.70,14,4012.80,32,4012.90,12,Buy,12,6,18,6.00,6.00,-2.00,0.70,100.0,4011.30,4012.00,4011.30,4012.00,5,23,28,-18.00,-1.00,-20.00,0.50,40.0,3,21,0.1111,0.0000,-42.00,-13.00,4014.01,-0.3009,DOWN,56.65,0.4943,1.1826
20260720 185949 383,4012.00,1,4011.90,4012.10,0.20,4011.70,2,4011.60,2,4011.50,2,4011.40,4,4011.30,3,4011.20,5,4011.10,5,4011.00,4,4010.90,9,4010.80,10,4012.00,7,4012.10,6,4012.20,7,4012.30,6,4012.40,14,4012.50,15,4012.60,13,4012.70,14,4012.80,32,4012.90,12,Buy,13,6,19,7.00,7.00,-2.00,0.70,100.0,4011.30,4012.00,4011.30,4012.00,5,23,28,-18.00,-1.00,-20.00,0.50,40.0,3,21,0.1111,0.0000,-41.00,-12.00,4014.01,-0.3009,DOWN,56.65,0.4943,1.1826
20260720 185949 383,4012.00,1,4011.90,4012.10,0.20,4011.70,2,4011.60,2,4011.50,2,4011.40,4,4011.30,3,4011.20,5,4011.10,5,4011.00,4,4010.90,9,4010.80,10,4012.00,7,4012.10,6,4012.20,7,4012.30,6,4012.40,14,4012.50,15,4012.60,13,4012.70,14,4012.80,32,4012.90,12,Buy,14,6,20,8.00,8.00,-2.00,0.70,100.0,4011.30,4012.00,4011.30,4012.00,5,23,28,-18.00,-1.00,-20.00,0.50,40.0,3,21,0.1111,0.0000,-40.00,-11.00,4014.01,-0.3009,DOWN,56.65,0.4943,1.1826
20260720 185949 383,4012.00,1,4011.90,4012.10,0.20,4011.70,2,4011.60,2,4011.50,2,4011.40,4,4011.30,3,4011.20,5,4011.10,5,4011.00,4,4010.90,9,4010.80,10,4012.00,7,4012.10,6,4012.20,7,4012.30,6,4012.40,14,4012.50,15,4012.60,13,4012.70,14,4012.80,32,4012.90,12,Buy,15,6,21,9.00,9.00,-2.00,0.70,100.0,4011.30,4012.00,4011.30,4012.00,5,23,28,-18.00,-1.00,-20.00,0.50,40.0,3,21,0.1111,0.0000,-39.00,-10.00,4014.01,-0.3009,DOWN,56.65,0.4943,1.1826
20260720 185949 383,4012.10,1,4011.90,4012.10,0.20,4011.70,2,4011.60,2,4011.50,2,4011.40,4,4011.30,3,4011.20,5,4011.10,5,4011.00,4,4010.90,9,4010.80,10,4012.00,7,4012.10,6,4012.20,7,4012.30,6,4012.40,14,4012.50,15,4012.60,13,4012.70,14,4012.80,32,4012.90,12,Buy,16,6,22,10.00,10.00,-2.00,0.80,100.0,4011.30,4012.10,4011.30,4012.10,5,23,28,-18.00,-1.00,-20.00,0.50,40.0,3,21,0.1111,0.0000,-38.00,-9.00,4014.01,-0.2977,DOWN,56.65,0.4943,1.1898
20260720 185949 383,4012.10,1,4011.90,4012.10,0.20,4011.70,2,4011.60,2,4011.50,2,4011.40,4,4011.30,3,4011.20,5,4011.10,5,4011.00,4,4010.90,9,4010.80,10,4012.00,7,4012.10,6,4012.20,7,4012.30,6,4012.40,14,4012.50,15,4012.60,13,4012.70,14,4012.80,32,4012.90,12,Buy,17,6,23,11.00,11.00,-2.00,0.80,100.0,4011.30,4012.10,4011.30,4012.10,5,23,28,-18.00,-1.00,-20.00,0.50,40.0,3,21,0.1111,0.0000,-37.00,-8.00,4014.01,-0.2977,DOWN,56.65,0.4943,1.1898
20260720 185949 383,4012.10,1,4011.90,4012.10,0.20,4011.70,2,4011.60,2,4011.50,2,4011.40,4,4011.30,3,4011.20,5,4011.10,5,4011.00,4,4010.90,9,4010.80,10,4012.00,7,4012.10,6,4012.20,7,4012.30,6,4012.40,14,4012.50,15,4012.60,13,4012.70,14,4012.80,32,4012.90,12,Buy,18,6,24,12.00,12.00,-2.00,0.80,100.0,4011.30,4012.10,4011.30,4012.10,5,23,28,-18.00,-1.00,-20.00,0.50,40.0,3,21,0.1111,0.0000,-36.00,-7.00,4014.01,-0.2977,DOWN,56.65,0.4943,1.1898
20260720 185949 383,4012.10,1,4011.90,4012.10,0.20,4011.70,2,4011.60,2,4011.50,2,4011.40,4,4011.30,3,4011.20,5,4011.10,5,4011.00,4,4010.90,9,4010.80,10,4012.00,7,4012.10,6,4012.20,7,4012.30,6,4012.40,14,4012.50,15,4012.60,13,4012.70,14,4012.80,32,4012.90,12,Buy,19,6,25,13.00,13.00,-2.00,0.80,100.0,4011.30,4012.10,4011.30,4012.10,5,23,28,-18.00,-1.00,-20.00,0.50,40.0,3,21,0.1111,0.0000,-35.00,-6.00,4014.01,-0.2977,DOWN,56.65,0.4943,1.1898
20260720 185949 391,4012.20,1,4011.90,4012.10,0.20,4011.90,3,4011.80,3,4011.70,4,4011.60,3,4011.50,1,4011.40,3,4011.30,2,4011.20,10,4011.10,9,4011.00,9,4012.10,2,4012.20,4,4012.30,4,4012.40,4,4012.50,5,4012.60,3,4012.70,6,4012.80,30,4012.90,16,4013.00,23,Buy,20,6,26,14.00,14.00,-2.00,0.90,100.0,4011.30,4012.20,4011.30,4012.20,5,23,28,-18.00,-1.00,-20.00,0.50,40.0,3,21,0.1111,0.0000,-34.00,-5.00,4014.02,-0.2946,DOWN,56.65,0.4943,1.1969
20260720 185949 391,4012.20,1,4011.90,4012.10,0.20,4011.90,3,4011.80,3,4011.70,4,4011.60,3,4011.50,1,4011.40,3,4011.30,2,4011.20,10,4011.10,9,4011.00,9,4012.10,2,4012.20,4,4012.30,4,4012.40,4,4012.50,5,4012.60,3,4012.70,6,4012.80,30,4012.90,16,4013.00,23,Buy,21,6,27,15.00,15.00,-2.00,0.90,100.0,4011.30,4012.20,4011.30,4012.20,5,23,28,-18.00,-1.00,-20.00,0.50,40.0,3,21,0.1111,0.0000,-33.00,-4.00,4014.02,-0.2946,DOWN,56.65,0.4943,1.1969
20260720 185949 391,4012.20,1,4011.90,4012.10,0.20,4011.90,3,4011.80,3,4011.70,4,4011.60,3,4011.50,1,4011.40,3,4011.30,2,4011.20,10,4011.10,9,4011.00,9,4012.10,2,4012.20,4,4012.30,4,4012.40,4,4012.50,5,4012.60,3,4012.70,6,4012.80,30,4012.90,16,4013.00,23,Buy,22,6,28,16.00,16.00,-2.00,0.90,100.0,4011.30,4012.20,4011.30,4012.20,5,23,28,-18.00,-1.00,-20.00,0.50,40.0,3,21,0.1111,0.0000,-32.00,-3.00,4014.02,-0.2946,DOWN,56.65,0.4943,1.1969
20260720 185949 391,4012.10,1,4011.90,4012.10,0.20,4011.90,3,4011.80,3,4011.70,4,4011.60,3,4011.50,1,4011.40,3,4011.30,2,4011.20,10,4011.10,9,4011.00,9,4012.10,2,4012.20,4,4012.30,4,4012.40,4,4012.50,5,4012.60,3,4012.70,6,4012.80,30,4012.90,16,4013.00,23,Sell,22,7,29,15.00,16.00,-2.00,0.90,88.9,4011.30,4012.20,4011.30,4012.10,5,23,28,-18.00,-1.00,-20.00,0.50,40.0,3,21,0.1111,0.0667,-33.00,-4.00,4014.01,-0.2977,DOWN,56.65,0.4943,1.1969
20260720 185949 395,4012.30,1,4011.90,4012.10,0.20,4011.90,3,4011.80,3,4011.70,4,4011.60,3,4011.50,1,4011.40,3,4011.30,2,4011.20,10,4011.10,9,4011.00,9,4012.10,2,4012.20,4,4012.30,4,4012.40,4,4012.50,5,4012.60,3,4012.70,6,4012.80,30,4012.90,16,4013.00,23,Buy,23,7,30,16.00,16.00,-2.00,1.00,100.0,4011.30,4012.30,4011.30,4012.30,5,23,28,-18.00,-1.00,-20.00,0.50,40.0,3,21,0.1111,0.0000,-32.00,-3.00,4014.03,-0.2914,DOWN,56.65,0.4943,1.2041
20260720 185949 395,4012.30,1,4011.90,4012.10,0.20,4011.90,3,4011.80,3,4011.70,4,4011.60,3,4011.50,1,4011.40,3,4011.30,2,4011.20,10,4011.10,9,4011.00,9,4012.10,2,4012.20,4,4012.30,4,4012.40,4,4012.50,5,4012.60,3,4012.70,6,4012.80,30,4012.90,16,4013.00,23,Buy,24,7,31,17.00,17.00,-2.00,1.00,100.0,4011.30,4012.30,4011.30,4012.30,5,23,28,-18.00,-1.00,-20.00,0.50,40.0,3,21,0.1111,0.0000,-31.00,-2.00,4014.03,-0.2914,DOWN,56.65,0.4943,1.2041
20260720 185949 413,4012.10,1,4011.90,4012.10,0.20,4011.90,3,4011.80,3,4011.70,4,4011.60,3,4011.50,1,4011.40,3,4011.30,2,4011.20,10,4011.10,9,4011.00,9,4012.10,2,4012.20,4,4012.30,4,4012.40,4,4012.50,5,4012.60,3,4012.70,6,4012.80,30,4012.90,16,4013.00,23,Sell,24,8,32,16.00,17.00,-2.00,1.00,80.0,4011.30,4012.30,4011.30,4012.10,5,23,28,-18.00,-1.00,-20.00,0.50,40.0,3,21,0.1111,0.0625,-32.00,-3.00,4014.01,-0.2977,DOWN,56.65,0.4943,1.2041
20260720 185949 416,4012.00,1,4011.90,4012.10,0.20,4011.90,3,4011.80,3,4011.70,4,4011.60,3,4011.50,1,4011.40,3,4011.30,2,4011.20,10,4011.10,9,4011.00,9,4012.10,2,4012.20,4,4012.30,4,4012.40,4,4012.50,5,4012.60,3,4012.70,6,4012.80,30,4012.90,16,4013.00,23,Sell,24,9,33,15.00,17.00,-2.00,1.00,70.0,4011.30,4012.30,4011.30,4012.00,5,23,28,-18.00,-1.00,-20.00,0.50,40.0,3,21,0.1111,0.1333,-33.00,-4.00,4014.01,-0.3009,DOWN,56.65,0.4943,1.2041
20260720 185949 416,4012.00,1,4011.90,4012.10,0.20,4011.90,3,4011.80,3,4011.70,4,4011.60,3,4011.50,1,4011.40,3,4011.30,2,4011.20,10,4011.10,9,4011.00,9,4012.10,2,4012.20,4,4012.30,4,4012.40,4,4012.50,5,4012.60,3,4012.70,6,4012.80,30,4012.90,16,4013.00,23,Sell,24,10,34,14.00,17.00,-2.00,1.00,70.0,4011.30,4012.30,4011.30,4012.00,5,23,28,-18.00,-1.00,-20.00,0.50,40.0,3,21,0.1111,0.2143,-34.00,-5.00,4014.01,-0.3009,DOWN,56.65,0.4943,1.2041
20260720 185952 983,4012.00,1,4011.80,4012.00,0.20,4011.80,2,4011.70,3,4011.60,3,4011.50,1,4011.40,3,4011.30,2,4011.20,6,4011.10,9,4011.00,9,4010.90,9,4012.00,2,4012.10,4,4012.20,1,4012.30,4,4012.40,4,4012.50,6,4012.60,3,4012.70,14,4012.80,30,4012.90,16,Sell,24,11,35,13.00,17.00,-2.00,1.00,70.0,4011.30,4012.30,4011.30,4012.00,5,23,28,-18.00,-1.00,-20.00,0.50,40.0,3,21,0.1111,0.3077,-35.00,-6.00,4014.01,-0.3009,DOWN,56.65,0.4943,1.2041
20260720 185952 985,4012.00,1,4011.80,4012.00,0.20,4011.80,2,4011.70,3,4011.60,3,4011.50,1,4011.40,3,4011.30,2,4011.20,6,4011.10,9,4011.00,9,4010.90,9,4012.00,2,4012.10,4,4012.20,1,4012.30,4,4012.40,4,4012.50,6,4012.60,3,4012.70,14,4012.80,30,4012.90,16,Buy,25,11,36,14.00,17.00,-2.00,1.00,70.0,4011.30,4012.30,4011.30,4012.00,5,23,28,-18.00,-1.00,-20.00,0.50,40.0,3,21,0.1111,0.2143,-34.00,-5.00,4014.01,-0.3009,DOWN,56.65,0.4943,1.2041
20260720 185952 985,4011.90,1,4011.80,4012.00,0.20,4011.80,2,4011.70,3,4011.60,3,4011.50,1,4011.40,3,4011.30,2,4011.20,6,4011.10,9,4011.00,9,4010.90,9,4012.00,2,4012.10,4,4012.20,1,4012.30,4,4012.40,4,4012.50,6,4012.60,3,4012.70,14,4012.80,30,4012.90,16,Sell,25,12,37,13.00,17.00,-2.00,1.00,60.0,4011.30,4012.30,4011.30,4011.90,5,23,28,-18.00,-1.00,-20.00,0.50,40.0,3,21,0.1111,0.3077,-35.00,-6.00,4014.00,-0.3041,DOWN,56.65,0.4943,1.2041
20260720 185952 986,4011.90,1,4011.80,4012.00,0.20,4011.80,2,4011.70,3,4011.60,3,4011.50,1,4011.40,3,4011.30,2,4011.20,6,4011.10,9,4011.00,9,4010.90,9,4012.00,2,4012.10,4,4012.20,1,4012.30,4,4012.40,4,4012.50,6,4012.60,3,4012.70,14,4012.80,30,4012.90,16,Buy,26,12,38,14.00,17.00,-2.00,1.00,60.0,4011.30,4012.30,4011.30,4011.90,5,23,28,-18.00,-1.00,-20.00,0.50,40.0,3,21,0.1111,0.2143,-34.00,-5.00,4014.00,-0.3041,DOWN,56.65,0.4943,1.2041
20260720 185952 987,4011.90,1,4011.80,4012.00,0.20,4011.80,2,4011.70,3,4011.60,3,4011.50,1,4011.40,3,4011.30,2,4011.20,6,4011.10,9,4011.00,9,4010.90,9,4012.00,2,4012.10,4,4012.20,1,4012.30,4,4012.40,4,4012.50,6,4012.60,3,4012.70,14,4012.80,30,4012.90,16,Buy,27,12,39,15.00,17.00,-2.00,1.00,60.0,4011.30,4012.30,4011.30,4011.90,5,23,28,-18.00,-1.00,-20.00,0.50,40.0,3,21,0.1111,0.1333,-33.00,-4.00,4014.00,-0.3041,DOWN,56.65,0.4943,1.2041
20260720 185955 121,4011.80,1,4011.70,4011.90,0.20,4011.70,2,4011.60,2,4011.50,2,4011.40,3,4011.30,2,4011.20,5,4011.10,9,4011.00,10,4010.90,9,4010.80,10,4011.90,2,4012.00,2,4012.10,3,4012.20,3,4012.30,4,4012.40,5,4012.50,5,4012.60,12,4012.70,14,4012.80,30,Sell,27,13,40,14.00,17.00,-2.00,1.00,50.0,4011.30,4012.30,4011.30,4011.80,5,23,28,-18.00,-1.00,-20.00,0.50,40.0,3,21,0.1111,0.2143,-34.00,-5.00,4013.99,-0.3073,DOWN,56.65,0.4943,1.2041
20260720 185956 001,4012.00,1,4011.80,4012.00,0.20,4011.90,1,4011.80,3,4011.70,3,4011.60,4,4011.50,2,4011.40,3,4011.30,3,4011.20,5,4011.10,9,4011.00,9,4012.10,2,4012.20,1,4012.30,4,4012.40,4,4012.50,5,4012.60,12,4012.70,14,4012.80,30,4012.90,16,4013.00,25,Buy,28,13,41,15.00,17.00,-2.00,1.00,70.0,4011.30,4012.30,4011.30,4012.00,5,23,28,-18.00,-1.00,-20.00,0.50,40.0,3,21,0.1111,0.1333,-33.00,-4.00,4014.01,-0.3009,DOWN,56.65,0.4943,1.2041
20260720 185956 051,4012.10,1,4012.00,4012.20,0.20,4012.00,3,4011.90,3,4011.80,6,4011.70,5,4011.60,5,4011.50,4,4011.40,3,4011.30,7,4011.20,10,4011.10,9,4012.20,3,4012.30,4,4012.40,3,4012.50,5,4012.60,3,4012.70,5,4012.80,30,4012.90,16,4013.00,24,4013.10,22,Buy,29,13,42,16.00,17.00,-2.00,1.00,80.0,4011.30,4012.30,4011.30,4012.10,5,23,28,-18.00,-1.00,-20.00,0.50,40.0,3,21,0.1111,0.0625,-32.00,-3.00,4014.01,-0.2977,DOWN,56.65,0.4943,1.2041
20260720 185956 441,4012.00,1,4012.00,4012.20,0.20,4011.90,3,4011.80,6,4011.70,5,4011.60,5,4011.50,4,4011.40,3,4011.30,7,4011.20,10,4011.10,9,4011.00,9,4012.10,1,4012.20,3,4012.30,4,4012.40,4,4012.50,5,4012.60,3,4012.70,5,4012.80,30,4012.90,16,4013.00,24,Sell,29,14,43,15.00,17.00,-2.00,1.00,70.0,4011.30,4012.30,4011.30,4012.00,5,23,28,-18.00,-1.00,-20.00,0.50,40.0,3,21,0.1111,0.1333,-33.00,-4.00,4014.01,-0.3009,DOWN,56.65,0.4943,1.2041
20260720 185959 050,4011.80,1,4011.80,4012.00,0.20,4011.80,2,4011.70,4,4011.60,4,4011.50,3,4011.40,4,4011.30,4,4011.20,6,4011.10,9,4011.00,9,4010.90,9,4012.00,2,4012.10,2,4012.20,3,4012.30,5,4012.40,5,4012.50,5,4012.60,4,4012.70,14,4012.80,30,4012.90,16,Sell,29,15,44,14.00,17.00,-2.00,1.00,50.0,4011.30,4012.30,4011.30,4011.80,5,23,28,-18.00,-1.00,-20.00,0.50,40.0,3,21,0.1111,0.2143,-34.00,-5.00,4013.99,-0.3073,DOWN,56.65,0.4943,1.2041
20260720 185959 050,4011.80,1,4011.80,4012.00,0.20,4011.80,2,4011.70,4,4011.60,4,4011.50,3,4011.40,4,4011.30,4,4011.20,6,4011.10,9,4011.00,9,4010.90,9,4012.00,2,4012.10,2,4012.20,3,4012.30,5,4012.40,5,4012.50,5,4012.60,4,4012.70,14,4012.80,30,4012.90,16,Sell,29,16,45,13.00,17.00,-2.00,1.00,50.0,4011.30,4012.30,4011.30,4011.80,5,23,28,-18.00,-1.00,-20.00,0.50,40.0,3,21,0.1111,0.3077,-35.00,-6.00,4013.99,-0.3073,DOWN,56.65,0.4943,1.2041
20260720 185959 053,4012.00,1,4011.80,4012.00,0.20,4011.80,2,4011.70,4,4011.60,4,4011.50,3,4011.40,4,4011.30,4,4011.20,6,4011.10,9,4011.00,9,4010.90,9,4012.00,2,4012.10,2,4012.20,3,4012.30,5,4012.40,5,4012.50,5,4012.60,4,4012.70,14,4012.80,30,4012.90,16,Buy,30,16,46,14.00,17.00,-2.00,1.00,70.0,4011.30,4012.30,4011.30,4012.00,5,23,28,-18.00,-1.00,-20.00,0.50,40.0,3,21,0.1111,0.2143,-34.00,-5.00,4014.01,-0.3009,DOWN,56.65,0.4943,1.2041
20260720 185959 053,4012.00,1,4011.80,4012.00,0.20,4011.80,2,4011.70,4,4011.60,4,4011.50,3,4011.40,4,4011.30,4,4011.20,6,4011.10,9,4011.00,9,4010.90,9,4012.00,2,4012.10,2,4012.20,3,4012.30,5,4012.40,5,4012.50,5,4012.60,4,4012.70,14,4012.80,30,4012.90,16,Buy,31,16,47,15.00,17.00,-2.00,1.00,70.0,4011.30,4012.30,4011.30,4012.00,5,23,28,-18.00,-1.00,-20.00,0.50,40.0,3,21,0.1111,0.1333,-33.00,-4.00,4014.01,-0.3009,DOWN,56.65,0.4943,1.2041
20260720 185959 125,4011.80,1,4011.70,4012.00,0.30,4011.70,4,4011.60,3,4011.50,3,4011.40,4,4011.30,5,4011.20,5,4011.10,9,4011.00,9,4010.90,9,4010.80,10,4012.00,2,4012.10,2,4012.20,4,4012.30,5,4012.40,5,4012.50,5,4012.60,12,4012.70,15,4012.80,30,4012.90,16,Sell,31,17,48,14.00,17.00,-2.00,1.00,50.0,4011.30,4012.30,4011.30,4011.80,5,23,28,-18.00,-1.00,-20.00,0.50,40.0,3,21,0.1111,0.2143,-34.00,-5.00,4013.99,-0.3073,DOWN,56.65,0.4943,1.2041
20260720 185959 125,4011.80,1,4011.70,4012.00,0.30,4011.70,4,4011.60,3,4011.50,3,4011.40,4,4011.30,5,4011.20,5,4011.10,9,4011.00,9,4010.90,9,4010.80,10,4012.00,2,4012.10,2,4012.20,4,4012.30,5,4012.40,5,4012.50,5,4012.60,12,4012.70,15,4012.80,30,4012.90,16,Sell,31,18,49,13.00,17.00,-2.00,1.00,50.0,4011.30,4012.30,4011.30,4011.80,5,23,28,-18.00,-1.00,-20.00,0.50,40.0,3,21,0.1111,0.3077,-35.00,-6.00,4013.99,-0.3073,DOWN,56.65,0.4943,1.2041
20260720 185959 125,4011.70,1,4011.70,4012.00,0.30,4011.70,4,4011.60,3,4011.50,3,4011.40,4,4011.30,5,4011.20,5,4011.10,9,4011.00,9,4010.90,9,4010.80,10,4012.00,2,4012.10,2,4012.20,4,4012.30,5,4012.40,5,4012.50,5,4012.60,12,4012.70,15,4012.80,30,4012.90,16,Sell,31,19,50,12.00,17.00,-2.00,1.00,40.0,4011.30,4012.30,4011.30,4011.70,5,23,28,-18.00,-1.00,-20.00,0.50,40.0,3,21,0.1111,0.4167,-36.00,-7.00,4013.98,-0.3104,DOWN,56.65,0.4943,1.2041
20260720 185959 125,4011.70,1,4011.70,4012.00,0.30,4011.70,4,4011.60,3,4011.50,3,4011.40,4,4011.30,5,4011.20,5,4011.10,9,4011.00,9,4010.90,9,4010.80,10,4012.00,2,4012.10,2,4012.20,4,4012.30,5,4012.40,5,4012.50,5,4012.60,12,4012.70,15,4012.80,30,4012.90,16,Sell,31,20,51,11.00,17.00,-2.00,1.00,40.0,4011.30,4012.30,4011.30,4011.70,5,23,28,-18.00,-1.00,-20.00,0.50,40.0,3,21,0.1111,0.5455,-37.00,-8.00,4013.98,-0.3104,DOWN,56.65,0.4943,1.2041
20260720 185959 125,4011.70,1,4011.70,4012.00,0.30,4011.70,4,4011.60,3,4011.50,3,4011.40,4,4011.30,5,4011.20,5,4011.10,9,4011.00,9,4010.90,9,4010.80,10,4012.00,2,4012.10,2,4012.20,4,4012.30,5,4012.40,5,4012.50,5,4012.60,12,4012.70,15,4012.80,30,4012.90,16,Sell,31,21,52,10.00,17.00,-2.00,1.00,40.0,4011.30,4012.30,4011.30,4011.70,5,23,28,-18.00,-1.00,-20.00,0.50,40.0,3,21,0.1111,0.7000,-38.00,-9.00,4013.98,-0.3104,DOWN,56.65,0.4943,1.2041
20260720 190000 105,4011.80,1,4011.70,4011.90,0.20,4011.70,3,4011.60,2,4011.50,3,4011.40,4,4011.30,5,4011.20,6,4011.10,9,4011.00,9,4010.90,9,4010.80,10,4011.90,1,4012.00,2,4012.10,2,4012.20,4,4012.30,4,4012.40,5,4012.50,5,4012.60,13,4012.70,14,4012.80,30,Sell,0,1,1,-1.00,-1.00,-1.00,0.00,0.0,4011.80,4011.80,4011.80,4011.80,31,21,52,10.00,17.00,-2.00,1.00,40.0,33,126,0.7000,0.0000,-23.00,-10.00,4013.77,-0.2618,DOWN,124.85,0.4165,1.1252
20260720 190000 668,4012.00,1,4011.70,4012.00,0.30,4011.70,4,4011.60,3,4011.50,3,4011.40,4,4011.30,5,4011.20,6,4011.10,9,4011.00,9,4010.90,9,4010.80,10,4012.00,2,4012.10,2,4012.20,4,4012.30,4,4012.40,5,4012.50,5,4012.60,12,4012.70,14,4012.80,31,4012.90,16,Buy,1,1,2,0.00,0.00,-1.00,0.20,100.0,4011.80,4012.00,4011.80,4012.00,31,21,52,10.00,17.00,-2.00,1.00,40.0,33,126,0.7000,0.0000,-22.00,-9.00,4013.79,-0.2555,DOWN,124.85,0.4165,1.1395
20260720 190000 993,4012.00,1,4011.80,4012.00,0.20,4011.80,1,4011.70,4,4011.60,3,4011.50,3,4011.40,4,4011.30,5,4011.20,6,4011.10,9,4011.00,9,4010.90,9,4012.00,4,4012.10,4,4012.20,5,4012.30,4,4012.40,5,4012.50,5,4012.60,12,4012.70,15,4012.80,30,4012.90,16,Buy,2,1,3,1.00,1.00,-1.00,0.20,100.0,4011.80,4012.00,4011.80,4012.00,31,21,52,10.00,17.00,-2.00,1.00,40.0,33,126,0.7000,0.0000,-21.00,-8.00,4013.79,-0.2555,DOWN,124.85,0.4165,1.1395
20260720 190000 993,4012.00,1,4011.80,4012.00,0.20,4011.80,1,4011.70,4,4011.60,3,4011.50,3,4011.40,4,4011.30,5,4011.20,6,4011.10,9,4011.00,9,4010.90,9,4012.00,4,4012.10,4,4012.20,5,4012.30,4,4012.40,5,4012.50,5,4012.60,12,4012.70,15,4012.80,30,4012.90,16,Buy,3,1,4,2.00,2.00,-1.00,0.20,100.0,4011.80,4012.00,4011.80,4012.00,31,21,52,10.00,17.00,-2.00,1.00,40.0,33,126,0.7000,0.0000,-20.00,-7.00,4013.79,-0.2555,DOWN,124.85,0.4165,1.1395
20260720 190003 517,4011.50,1,4011.30,4011.50,0.20,4011.30,2,4011.20,3,4011.10,5,4011.00,4,4010.90,5,4010.80,5,4010.70,15,4010.60,9,4010.50,10,4010.40,10,4011.50,2,4011.60,5,4011.70,4,4011.80,5,4011.90,4,4012.00,6,4012.10,12,4012.20,13,4012.30,13,4012.40,13,Sell,3,2,5,1.00,2.00,-1.00,0.50,60.0,4011.80,4012.00,4011.50,4011.50,31,21,52,10.00,17.00,-2.00,1.00,40.0,33,126,0.7000,1.0000,-21.00,-8.00,4013.74,-0.2713,DOWN,124.85,0.4165,1.1538
20260720 190009 564,4011.70,1,4011.50,4011.70,0.20,4011.50,2,4011.40,2,4011.30,4,4011.20,4,4011.10,5,4011.00,5,4010.90,4,4010.80,10,4010.70,20,4010.60,9,4011.70,2,4011.80,4,4011.90,4,4012.00,5,4012.10,3,4012.20,4,4012.30,13,4012.40,13,4012.50,27,4012.60,13,Buy,4,2,6,2.00,2.00,-1.00,0.50,20.0,4011.80,4012.00,4011.50,4011.70,31,21,52,10.00,17.00,-2.00,1.00,40.0,33,126,0.7000,0.0000,-20.00,-7.00,4013.76,-0.2650,DOWN,124.85,0.4165,1.1538
20260720 190009 564,4011.70,1,4011.50,4011.70,0.20,4011.50,2,4011.40,2,4011.30,4,4011.20,4,4011.10,5,4011.00,5,4010.90,4,4010.80,10,4010.70,20,4010.60,9,4011.70,2,4011.80,4,4011.90,4,4012.00,5,4012.10,3,4012.20,4,4012.30,13,4012.40,13,4012.50,27,4012.60,13,Buy,5,2,7,3.00,3.00,-1.00,0.50,20.0,4011.80,4012.00,4011.50,4011.70,31,21,52,10.00,17.00,-2.00,1.00,40.0,33,126,0.7000,0.0000,-19.00,-6.00,4013.76,-0.2650,DOWN,124.85,0.4165,1.1538
20260720 190012 898,4011.80,1,4011.60,4011.90,0.30,4011.60,2,4011.50,3,4011.40,4,4011.30,5,4011.20,5,4011.10,5,4011.00,4,4010.90,9,4010.80,10,4010.70,20,4011.90,5,4012.00,5,4012.10,3,4012.20,4,4012.30,13,4012.40,14,4012.50,14,4012.60,12,4012.70,14,4012.80,19,Buy,6,2,8,4.00,4.00,-1.00,0.50,0.0,4011.80,4012.00,4011.50,4011.80,31,21,52,10.00,17.00,-2.00,1.00,40.0,33,126,0.7000,0.0000,-18.00,-5.00,4013.77,-0.2618,DOWN,124.85,0.4165,1.1538
20260720 190012 898,4011.80,1,4011.60,4011.90,0.30,4011.60,2,4011.50,3,4011.40,4,4011.30,5,4011.20,5,4011.10,5,4011.00,4,4010.90,9,4010.80,10,4010.70,20,4011.90,5,4012.00,5,4012.10,3,4012.20,4,4012.30,13,4012.40,14,4012.50,14,4012.60,12,4012.70,14,4012.80,19,Buy,7,2,9,5.00,5.00,-1.00,0.50,0.0,4011.80,4012.00,4011.50,4011.80,31,21,52,10.00,17.00,-2.00,1.00,40.0,33,126,0.7000,0.0000,-17.00,-4.00,4013.77,-0.2618,DOWN,124.85,0.4165,1.1538
20260720 190012 898,4011.90,1,4011.60,4011.90,0.30,4011.60,2,4011.50,3,4011.40,4,4011.30,5,4011.20,5,4011.10,5,4011.00,4,4010.90,9,4010.80,10,4010.70,20,4011.90,5,4012.00,5,4012.10,3,4012.20,4,4012.30,13,4012.40,14,4012.50,14,4012.60,12,4012.70,14,4012.80,19,Buy,8,2,10,6.00,6.00,-1.00,0.50,20.0,4011.80,4012.00,4011.50,4011.90,31,21,52,10.00,17.00,-2.00,1.00,40.0,33,126,0.7000,0.0000,-16.00,-3.00,4013.78,-0.2586,DOWN,124.85,0.4165,1.1538
20260720 190012 898,4011.90,1,4011.60,4011.90,0.30,4011.60,2,4011.50,3,4011.40,4,4011.30,5,4011.20,5,4011.10,5,4011.00,4,4010.90,9,4010.80,10,4010.70,20,4011.90,5,4012.00,5,4012.10,3,4012.20,4,4012.30,13,4012.40,14,4012.50,14,4012.60,12,4012.70,14,4012.80,19,Buy,9,2,11,7.00,7.00,-1.00,0.50,20.0,4011.80,4012.00,4011.50,4011.90,31,21,52,10.00,17.00,-2.00,1.00,40.0,33,126,0.7000,0.0000,-15.00,-2.00,4013.78,-0.2586,DOWN,124.85,0.4165,1.1538
20260720 190012 898,4011.90,1,4011.60,4011.90,0.30,4011.60,2,4011.50,3,4011.40,4,4011.30,5,4011.20,5,4011.10,5,4011.00,4,4010.90,9,4010.80,10,4010.70,20,4011.90,5,4012.00,5,4012.10,3,4012.20,4,4012.30,13,4012.40,14,4012.50,14,4012.60,12,4012.70,14,4012.80,19,Buy,10,2,12,8.00,8.00,-1.00,0.50,20.0,4011.80,4012.00,4011.50,4011.90,31,21,52,10.00,17.00,-2.00,1.00,40.0,33,126,0.7000,0.0000,-14.00,-1.00,4013.78,-0.2586,DOWN,124.85,0.4165,1.1538
20260720 190012 898,4012.00,1,4011.60,4011.90,0.30,4011.60,2,4011.50,3,4011.40,4,4011.30,5,4011.20,5,4011.10,5,4011.00,4,4010.90,9,4010.80,10,4010.70,20,4011.90,5,4012.00,5,4012.10,3,4012.20,4,4012.30,13,4012.40,14,4012.50,14,4012.60,12,4012.70,14,4012.80,19,Buy,11,2,13,9.00,9.00,-1.00,0.50,40.0,4011.80,4012.00,4011.50,4012.00,31,21,52,10.00,17.00,-2.00,1.00,40.0,33,126,0.7000,0.0000,-13.00,0.00,4013.79,-0.2555,DOWN,124.85,0.4165,1.1538
20260720 190014 388,4011.60,1,4011.40,4011.60,0.20,4011.40,4,4011.30,4,4011.20,4,4011.10,5,4011.00,4,4010.90,9,4010.80,10,4010.70,20,4010.60,9,4010.50,11,4011.60,3,4011.70,4,4011.80,6,4011.90,6,4012.00,6,4012.10,5,4012.20,4,4012.30,13,4012.40,13,4012.50,14,Sell,11,3,14,8.00,9.00,-1.00,0.50,40.0,4011.80,4012.00,4011.50,4011.60,31,21,52,10.00,17.00,-2.00,1.00,40.0,33,126,0.7000,0.1250,-14.00,-1.00,4013.75,-0.2682,DOWN,124.85,0.4165,1.1538
20260720 190014 388,4011.60,1,4011.40,4011.60,0.20,4011.40,4,4011.30,4,4011.20,4,4011.10,5,4011.00,4,4010.90,9,4010.80,10,4010.70,20,4010.60,9,4010.50,11,4011.60,3,4011.70,4,4011.80,6,4011.90,6,4012.00,6,4012.10,5,4012.20,4,4012.30,13,4012.40,13,4012.50,14,Sell,11,4,15,7.00,9.00,-1.00,0.50,40.0,4011.80,4012.00,4011.50,4011.60,31,21,52,10.00,17.00,-2.00,1.00,40.0,33,126,0.7000,0.2857,-15.00,-2.00,4013.75,-0.2682,DOWN,124.85,0.4165,1.1538
20260720 190014 460,4011.40,1,4011.40,4011.60,0.20,4011.20,4,4011.10,5,4011.00,4,4010.90,4,4010.80,5,4010.70,15,4010.60,9,4010.50,11,4010.40,10,4010.30,7,4011.50,3,4011.60,3,4011.70,5,4011.80,7,4011.90,6,4012.00,6,4012.10,14,4012.20,13,4012.30,13,4012.40,13,Sell,11,5,16,6.00,9.00,-1.00,0.60,66.7,4011.80,4012.00,4011.40,4011.40,31,21,52,10.00,17.00,-2.00,1.00,40.0,33,126,0.7000,0.5000,-16.00,-3.00,4013.73,-0.2745,DOWN,124.85,0.4165,1.1609
20260720 190014 460,4011.40,1,4011.40,4011.60,0.20,4011.20,4,4011.10,5,4011.00,4,4010.90,4,4010.80,5,4010.70,15,4010.60,9,4010.50,11,4010.40,10,4010.30,7,4011.50,3,4011.60,3,4011.70,5,4011.80,7,4011.90,6,4012.00,6,4012.10,14,4012.20,13,4012.30,13,4012.40,13,Sell,11,6,17,5.00,9.00,-1.00,0.60,66.7,4011.80,4012.00,4011.40,4011.40,31,21,52,10.00,17.00,-2.00,1.00,40.0,33,126,0.7000,0.8000,-17.00,-4.00,4013.73,-0.2745,DOWN,124.85,0.4165,1.1609
20260720 190014 460,4011.40,1,4011.40,4011.60,0.20,4011.20,4,4011.10,5,4011.00,4,4010.90,4,4010.80,5,4010.70,15,4010.60,9,4010.50,11,4010.40,10,4010.30,7,4011.50,3,4011.60,3,4011.70,5,4011.80,7,4011.90,6,4012.00,6,4012.10,14,4012.20,13,4012.30,13,4012.40,13,Sell,11,7,18,4.00,9.00,-1.00,0.60,66.7,4011.80,4012.00,4011.40,4011.40,31,21,52,10.00,17.00,-2.00,1.00,40.0,33,126,0.7000,1.2500,-18.00,-5.00,4013.73,-0.2745,DOWN,124.85,0.4165,1.1609
20260720 190014 460,4011.40,1,4011.40,4011.60,0.20,4011.20,4,4011.10,5,4011.00,4,4010.90,4,4010.80,5,4010.70,15,4010.60,9,4010.50,11,4010.40,10,4010.30,7,4011.50,3,4011.60,3,4011.70,5,4011.80,7,4011.90,6,4012.00,6,4012.10,14,4012.20,13,4012.30,13,4012.40,13,Sell,11,8,19,3.00,9.00,-1.00,0.60,66.7,4011.80,4012.00,4011.40,4011.40,31,21,52,10.00,17.00,-2.00,1.00,40.0,33,126,0.7000,2.0000,-19.00,-6.00,4013.73,-0.2745,DOWN,124.85,0.4165,1.1609
20260720 190015 820,4011.40,1,4011.40,4011.60,0.20,4011.40,2,4011.30,3,4011.20,5,4011.10,5,4011.00,5,4010.90,4,4010.80,5,4010.70,15,4010.60,9,4010.50,10,4011.60,2,4011.70,2,4011.80,6,4011.90,6,4012.00,6,4012.10,14,4012.20,13,4012.30,13,4012.40,13,4012.50,14,Sell,11,9,20,2.00,9.00,-1.00,0.60,66.7,4011.80,4012.00,4011.40,4011.40,31,21,52,10.00,17.00,-2.00,1.00,40.0,33,126,0.7000,3.5000,-20.00,-7.00,4013.73,-0.2745,DOWN,124.85,0.4165,1.1609
20260720 190021 529,4011.60,1,4011.50,4011.70,0.20,4011.50,1,4011.40,2,4011.30,4,4011.20,5,4011.10,5,4011.00,4,4010.90,6,4010.80,15,4010.70,9,4010.60,9,4011.70,3,4011.80,4,4011.90,5,4012.00,5,4012.10,12,4012.20,14,4012.30,13,4012.40,13,4012.50,14,4012.60,14,Buy,12,9,21,3.00,9.00,-1.00,0.60,33.3,4011.80,4012.00,4011.40,4011.60,31,21,52,10.00,17.00,-2.00,1.00,40.0,33,126,0.7000,2.0000,-19.00,-6.00,4013.75,-0.2682,DOWN,124.85,0.4165,1.1609
20260720 190021 529,4011.60,1,4011.50,4011.70,0.20,4011.50,1,4011.40,2,4011.30,4,4011.20,5,4011.10,5,4011.00,4,4010.90,6,4010.80,15,4010.70,9,4010.60,9,4011.70,3,4011.80,4,4011.90,5,4012.00,5,4012.10,12,4012.20,14,4012.30,13,4012.40,13,4012.50,14,4012.60,14,Buy,13,9,22,4.00,9.00,-1.00,0.60,33.3,4011.80,4012.00,4011.40,4011.60,31,21,52,10.00,17.00,-2.00,1.00,40.0,33,126,0.7000,1.2500,-18.00,-5.00,4013.75,-0.2682,DOWN,124.85,0.4165,1.1609
20260720 190021 656,4011.50,1,4011.40,4011.70,0.30,4011.40,2,4011.30,3,4011.20,5,4011.10,5,4011.00,4,4010.90,6,4010.80,15,4010.70,9,4010.60,9,4010.50,10,4011.70,3,4011.80,4,4011.90,5,4012.00,5,4012.10,13,4012.20,13,4012.30,13,4012.40,13,4012.50,14,4012.60,14,Sell,13,10,23,3.00,9.00,-1.00,0.60,50.0,4011.80,4012.00,4011.40,4011.50,31,21,52,10.00,17.00,-2.00,1.00,40.0,33,126,0.7000,2.0000,-19.00,-6.00,4013.74,-0.2713,DOWN,124.85,0.4165,1.1609
20260720 190027 581,4011.80,1,4011.60,4011.90,0.30,4011.60,2,4011.50,3,4011.40,4,4011.30,5,4011.20,6,4011.10,5,4011.00,4,4010.90,11,4010.80,20,4010.70,9,4011.90,3,4012.00,8,4012.10,2,4012.20,5,4012.30,5,4012.40,13,4012.50,14,4012.60,12,4012.70,14,4012.80,17,Buy,14,10,24,4.00,9.00,-1.00,0.60,0.0,4011.80,4012.00,4011.40,4011.80,31,21,52,10.00,17.00,-2.00,1.00,40.0,33,126,0.7000,1.2500,-18.00,-5.00,4013.77,-0.2618,DOWN,124.85,0.4165,1.1609
20260720 190027 581,4011.80,1,4011.60,4011.90,0.30,4011.60,2,4011.50,3,4011.40,4,4011.30,5,4011.20,6,4011.10,5,4011.00,4,4010.90,11,4010.80,20,4010.70,9,4011.90,3,4012.00,8,4012.10,2,4012.20,5,4012.30,5,4012.40,13,4012.50,14,4012.60,12,4012.70,14,4012.80,17,Buy,15,10,25,5.00,9.00,-1.00,0.60,0.0,4011.80,4012.00,4011.40,4011.80,31,21,52,10.00,17.00,-2.00,1.00,40.0,33,126,0.7000,0.8000,-17.00,-4.00,4013.77,-0.2618,DOWN,124.85,0.4165,1.1609
20260720 190027 581,4011.90,1,4011.60,4011.90,0.30,4011.60,2,4011.50,3,4011.40,4,4011.30,5,4011.20,6,4011.10,5,4011.00,4,4010.90,11,4010.80,20,4010.70,9,4011.90,3,4012.00,8,4012.10,2,4012.20,5,4012.30,5,4012.40,13,4012.50,14,4012.60,12,4012.70,14,4012.80,17,Buy,16,10,26,6.00,9.00,-1.00,0.60,16.7,4011.80,4012.00,4011.40,4011.90,31,21,52,10.00,17.00,-2.00,1.00,40.0,33,126,0.7000,0.5000,-16.00,-3.00,4013.78,-0.2586,DOWN,124.85,0.4165,1.1609
20260720 190027 581,4011.90,1,4011.60,4011.90,0.30,4011.60,2,4011.50,3,4011.40,4,4011.30,5,4011.20,6,4011.10,5,4011.00,4,4010.90,11,4010.80,20,4010.70,9,4011.90,3,4012.00,8,4012.10,2,4012.20,5,4012.30,5,4012.40,13,4012.50,14,4012.60,12,4012.70,14,4012.80,17,Buy,17,10,27,7.00,9.00,-1.00,0.60,16.7,4011.80,4012.00,4011.40,4011.90,31,21,52,10.00,17.00,-2.00,1.00,40.0,33,126,0.7000,0.2857,-15.00,-2.00,4013.78,-0.2586,DOWN,124.85,0.4165,1.1609
20260720 190027 581,4011.90,1,4011.60,4011.90,0.30,4011.60,2,4011.50,3,4011.40,4,4011.30,5,4011.20,6,4011.10,5,4011.00,4,4010.90,11,4010.80,20,4010.70,9,4011.90,3,4012.00,8,4012.10,2,4012.20,5,4012.30,5,4012.40,13,4012.50,14,4012.60,12,4012.70,14,4012.80,17,Buy,18,10,28,8.00,9.00,-1.00,0.60,16.7,4011.80,4012.00,4011.40,4011.90,31,21,52,10.00,17.00,-2.00,1.00,40.0,33,126,0.7000,0.1250,-14.00,-1.00,4013.78,-0.2586,DOWN,124.85,0.4165,1.1609
20260720 190027 581,4011.90,1,4011.60,4011.90,0.30,4011.60,2,4011.50,3,4011.40,4,4011.30,5,4011.20,6,4011.10,5,4011.00,4,4010.90,11,4010.80,20,4010.70,9,4011.90,3,4012.00,8,4012.10,2,4012.20,5,4012.30,5,4012.40,13,4012.50,14,4012.60,12,4012.70,14,4012.80,17,Buy,19,10,29,9.00,9.00,-1.00,0.60,16.7,4011.80,4012.00,4011.40,4011.90,31,21,52,10.00,17.00,-2.00,1.00,40.0,33,126,0.7000,0.0000,-13.00,0.00,4013.78,-0.2586,DOWN,124.85,0.4165,1.1609
20260720 190027 581,4012.00,1,4011.60,4011.90,0.30,4011.60,2,4011.50,3,4011.40,4,4011.30,5,4011.20,6,4011.10,5,4011.00,4,4010.90,11,4010.80,20,4010.70,9,4011.90,3,4012.00,8,4012.10,2,4012.20,5,4012.30,5,4012.40,13,4012.50,14,4012.60,12,4012.70,14,4012.80,17,Buy,20,10,30,10.00,10.00,-1.00,0.60,33.3,4011.80,4012.00,4011.40,4012.00,31,21,52,10.00,17.00,-2.00,1.00,40.0,33,126,0.7000,0.0000,-12.00,1.00,4013.79,-0.2555,DOWN,124.85,0.4165,1.1609
20260720 190027 581,4012.00,1,4011.60,4011.90,0.30,4011.60,2,4011.50,3,4011.40,4,4011.30,5,4011.20,6,4011.10,5,4011.00,4,4010.90,11,4010.80,20,4010.70,9,4011.90,3,4012.00,8,4012.10,2,4012.20,5,4012.30,5,4012.40,13,4012.50,14,4012.60,12,4012.70,14,4012.80,17,Buy,21,10,31,11.00,11.00,-1.00,0.60,33.3,4011.80,4012.00,4011.40,4012.00,31,21,52,10.00,17.00,-2.00,1.00,40.0,33,126,0.7000,0.0000,-11.00,2.00,4013.79,-0.2555,DOWN,124.85,0.4165,1.1609
20260720 190027 581,4012.00,1,4011.60,4011.90,0.30,4011.60,2,4011.50,3,4011.40,4,4011.30,5,4011.20,6,4011.10,5,4011.00,4,4010.90,11,4010.80,20,4010.70,9,4011.90,3,4012.00,8,4012.10,2,4012.20,5,4012.30,5,4012.40,13,4012.50,14,4012.60,12,4012.70,14,4012.80,17,Buy,22,10,32,12.00,12.00,-1.00,0.60,33.3,4011.80,4012.00,4011.40,4012.00,31,21,52,10.00,17.00,-2.00,1.00,40.0,33,126,0.7000,0.0000,-10.00,3.00,4013.79,-0.2555,DOWN,124.85,0.4165,1.1609
20260720 190027 581,4012.00,1,4011.60,4011.90,0.30,4011.60,2,4011.50,3,4011.40,4,4011.30,5,4011.20,6,4011.10,5,4011.00,4,4010.90,11,4010.80,20,4010.70,9,4011.90,3,4012.00,8,4012.10,2,4012.20,5,4012.30,5,4012.40,13,4012.50,14,4012.60,12,4012.70,14,4012.80,17,Buy,23,10,33,13.00,13.00,-1.00,0.60,33.3,4011.80,4012.00,4011.40,4012.00,31,21,52,10.00,17.00,-2.00,1.00,40.0,33,126,0.7000,0.0000,-9.00,4.00,4013.79,-0.2555,DOWN,124.85,0.4165,1.1609
20260720 190027 581,4012.00,1,4011.60,4011.90,0.30,4011.60,2,4011.50,3,4011.40,4,4011.30,5,4011.20,6,4011.10,5,4011.00,4,4010.90,11,4010.80,20,4010.70,9,4011.90,3,4012.00,8,4012.10,2,4012.20,5,4012.30,5,4012.40,13,4012.50,14,4012.60,12,4012.70,14,4012.80,17,Buy,24,10,34,14.00,14.00,-1.00,0.60,33.3,4011.80,4012.00,4011.40,4012.00,31,21,52,10.00,17.00,-2.00,1.00,40.0,33,126,0.7000,0.0000,-8.00,5.00,4013.79,-0.2555,DOWN,124.85,0.4165,1.1609
20260720 190027 581,4012.10,1,4011.60,4011.90,0.30,4011.60,2,4011.50,3,4011.40,4,4011.30,5,4011.20,6,4011.10,5,4011.00,4,4010.90,11,4010.80,20,4010.70,9,4011.90,3,4012.00,8,4012.10,2,4012.20,5,4012.30,5,4012.40,13,4012.50,14,4012.60,12,4012.70,14,4012.80,17,Buy,25,10,35,15.00,15.00,-1.00,0.70,42.9,4011.80,4012.10,4011.40,4012.10,31,21,52,10.00,17.00,-2.00,1.00,40.0,33,126,0.7000,0.0000,-7.00,6.00,4013.80,-0.2523,DOWN,124.85,0.4165,1.1681
20260720 190027 581,4012.10,1,4011.60,4011.90,0.30,4011.60,2,4011.50,3,4011.40,4,4011.30,5,4011.20,6,4011.10,5,4011.00,4,4010.90,11,4010.80,20,4010.70,9,4011.90,3,4012.00,8,4012.10,2,4012.20,5,4012.30,5,4012.40,13,4012.50,14,4012.60,12,4012.70,14,4012.80,17,Buy,26,10,36,16.00,16.00,-1.00,0.70,42.9,4011.80,4012.10,4011.40,4012.10,31,21,52,10.00,17.00,-2.00,1.00,40.0,33,126,0.7000,0.0000,-6.00,7.00,4013.80,-0.2523,DOWN,124.85,0.4165,1.1681
20260720 190030 536,4011.80,1,4011.50,4011.80,0.30,4011.50,2,4011.40,3,4011.30,5,4011.20,6,4011.10,5,4011.00,5,4010.90,10,4010.80,20,4010.70,9,4010.60,9,4011.80,4,4011.90,3,4012.00,10,4012.10,5,4012.20,5,4012.30,4,4012.40,13,4012.50,14,4012.60,12,4012.70,14,Buy,27,10,37,17.00,17.00,-1.00,0.70,0.0,4011.80,4012.10,4011.40,4011.80,31,21,52,10.00,17.00,-2.00,1.00,40.0,33,126,0.7000,0.0000,-5.00,8.00,4013.77,-0.2618,DOWN,124.85,0.4165,1.1681
20260720 190030 536,4011.80,1,4011.50,4011.80,0.30,4011.50,2,4011.40,3,4011.30,5,4011.20,6,4011.10,5,4011.00,5,4010.90,10,4010.80,20,4010.70,9,4010.60,9,4011.80,4,4011.90,3,4012.00,10,4012.10,5,4012.20,5,4012.30,4,4012.40,13,4012.50,14,4012.60,12,4012.70,14,Buy,28,10,38,18.00,18.00,-1.00,0.70,0.0,4011.80,4012.10,4011.40,4011.80,31,21,52,10.00,17.00,-2.00,1.00,40.0,33,126,0.7000,0.0000,-4.00,9.00,4013.77,-0.2618,DOWN,124.85,0.4165,1.1681
20260720 190030 536,4011.80,1,4011.50,4011.80,0.30,4011.50,2,4011.40,3,4011.30,5,4011.20,6,4011.10,5,4011.00,5,4010.90,10,4010.80,20,4010.70,9,4010.60,9,4011.80,4,4011.90,3,4012.00,10,4012.10,5,4012.20,5,4012.30,4,4012.40,13,4012.50,14,4012.60,12,4012.70,14,Buy,29,10,39,19.00,19.00,-1.00,0.70,0.0,4011.80,4012.10,4011.40,4011.80,31,21,52,10.00,17.00,-2.00,1.00,40.0,33,126,0.7000,0.0000,-3.00,10.00,4013.77,-0.2618,DOWN,124.85,0.4165,1.1681
20260720 190030 536,4011.90,1,4011.50,4011.80,0.30,4011.50,2,4011.40,3,4011.30,5,4011.20,6,4011.10,5,4011.00,5,4010.90,10,4010.80,20,4010.70,9,4010.60,9,4011.80,4,4011.90,3,4012.00,10,4012.10,5,4012.20,5,4012.30,4,4012.40,13,4012.50,14,4012.60,12,4012.70,14,Buy,30,10,40,20.00,20.00,-1.00,0.70,14.3,4011.80,4012.10,4011.40,4011.90,31,21,52,10.00,17.00,-2.00,1.00,40.0,33,126,0.7000,0.0000,-2.00,11.00,4013.78,-0.2586,DOWN,124.85,0.4165,1.1681
20260720 190031 020,4011.40,1,4011.10,4011.30,0.20,4011.10,2,4011.00,3,4010.90,5,4010.80,5,4010.70,4,4010.60,9,4010.50,10,4010.40,10,4010.30,7,4010.20,10,4011.30,2,4011.40,5,4011.50,3,4011.60,5,4011.70,5,4011.80,6,4011.90,6,4012.00,17,4012.10,12,4012.20,14,Sell,30,11,41,19.00,20.00,-1.00,0.70,57.1,4011.80,4012.10,4011.40,4011.40,31,21,52,10.00,17.00,-2.00,1.00,40.0,33,126,0.7000,0.0526,-3.00,10.00,4013.73,-0.2745,DOWN,124.85,0.4165,1.1681
20260720 190031 046,4011.30,1,4011.10,4011.30,0.20,4011.10,2,4011.00,3,4010.90,5,4010.80,5,4010.70,4,4010.60,9,4010.50,10,4010.40,10,4010.30,7,4010.20,10,4011.30,2,4011.40,5,4011.50,3,4011.60,5,4011.70,5,4011.80,6,4011.90,6,4012.00,17,4012.10,12,4012.20,14,Sell,30,12,42,18.00,20.00,-1.00,0.80,62.5,4011.80,4012.10,4011.30,4011.30,31,21,52,10.00,17.00,-2.00,1.00,40.0,33,126,0.7000,0.1111,-4.00,9.00,4013.72,-0.2777,DOWN,124.85,0.4165,1.1752
20260720 190031 052,4011.20,1,4011.10,4011.30,0.20,4011.10,2,4011.00,3,4010.90,5,4010.80,5,4010.70,4,4010.60,9,4010.50,10,4010.40,10,4010.30,7,4010.20,10,4011.30,2,4011.40,5,4011.50,3,4011.60,5,4011.70,5,4011.80,6,4011.90,6,4012.00,17,4012.10,12,4012.20,14,Sell,30,13,43,17.00,20.00,-1.00,0.90,66.7,4011.80,4012.10,4011.20,4011.20,31,21,52,10.00,17.00,-2.00,1.00,40.0,33,126,0.7000,0.1765,-5.00,8.00,4013.71,-0.2809,DOWN,124.85,0.4165,1.1823
20260720 190031 052,4011.20,1,4011.10,4011.30,0.20,4011.10,2,4011.00,3,4010.90,5,4010.80,5,4010.70,4,4010.60,9,4010.50,10,4010.40,10,4010.30,7,4010.20,10,4011.30,2,4011.40,5,4011.50,3,4011.60,5,4011.70,5,4011.80,6,4011.90,6,4012.00,17,4012.10,12,4012.20,14,Sell,30,14,44,16.00,20.00,-1.00,0.90,66.7,4011.80,4012.10,4011.20,4011.20,31,21,52,10.00,17.00,-2.00,1.00,40.0,33,126,0.7000,0.2500,-6.00,7.00,4013.71,-0.2809,DOWN,124.85,0.4165,1.1823
20260720 190031 572,4011.20,1,4011.10,4011.40,0.30,4011.10,2,4011.00,4,4010.90,5,4010.80,5,4010.70,4,4010.60,10,4010.50,10,4010.40,10,4010.30,7,4010.20,9,4011.40,4,4011.50,3,4011.60,4,4011.70,5,4011.80,6,4011.90,5,4012.00,18,4012.10,12,4012.20,14,4012.30,13,Sell,30,15,45,15.00,20.00,-1.00,0.90,66.7,4011.80,4012.10,4011.20,4011.20,31,21,52,10.00,17.00,-2.00,1.00,40.0,33,126,0.7000,0.3333,-7.00,6.00,4013.71,-0.2809,DOWN,124.85,0.4165,1.1823
20260720 190031 572,4011.20,1,4011.10,4011.40,0.30,4011.10,2,4011.00,4,4010.90,5,4010.80,5,4010.70,4,4010.60,10,4010.50,10,4010.40,10,4010.30,7,4010.20,9,4011.40,4,4011.50,3,4011.60,4,4011.70,5,4011.80,6,4011.90,5,4012.00,18,4012.10,12,4012.20,14,4012.30,13,Sell,30,16,46,14.00,20.00,-1.00,0.90,66.7,4011.80,4012.10,4011.20,4011.20,31,21,52,10.00,17.00,-2.00,1.00,40.0,33,126,0.7000,0.4286,-8.00,5.00,4013.71,-0.2809,DOWN,124.85,0.4165,1.1823
20260720 190031 899,4011.40,1,4011.10,4011.40,0.30,4011.10,4,4011.00,3,4010.90,5,4010.80,5,4010.70,5,4010.60,9,4010.50,10,4010.40,10,4010.30,7,4010.20,9,4011.40,2,4011.50,3,4011.60,5,4011.70,5,4011.80,7,4011.90,5,4012.00,17,4012.10,12,4012.20,14,4012.30,13,Buy,31,16,47,15.00,20.00,-1.00,0.90,44.4,4011.80,4012.10,4011.20,4011.40,31,21,52,10.00,17.00,-2.00,1.00,40.0,33,126,0.7000,0.3333,-7.00,6.00,4013.73,-0.2745,DOWN,124.85,0.4165,1.1823
20260720 190034 683,4011.20,1,4011.20,4011.50,0.30,4011.20,2,4011.10,5,4011.00,5,4010.90,5,4010.80,5,4010.70,5,4010.60,9,4010.50,10,4010.40,10,4010.30,7,4011.50,3,4011.60,4,4011.70,5,4011.80,5,4011.90,5,4012.00,16,4012.10,12,4012.20,15,4012.30,13,4012.40,15,Sell,31,17,48,14.00,20.00,-1.00,0.90,66.7,4011.80,4012.10,4011.20,4011.20,31,21,52,10.00,17.00,-2.00,1.00,40.0,33,126,0.7000,0.4286,-8.00,5.00,4013.71,-0.2809,DOWN,124.85,0.4165,1.1823
20260720 190034 683,4011.20,1,4011.20,4011.50,0.30,4011.20,2,4011.10,5,4011.00,5,4010.90,5,4010.80,5,4010.70,5,4010.60,9,4010.50,10,4010.40,10,4010.30,7,4011.50,3,4011.60,4,4011.70,5,4011.80,5,4011.90,5,4012.00,16,4012.10,12,4012.20,15,4012.30,13,4012.40,15,Sell,31,18,49,13.00,20.00,-1.00,0.90,66.7,4011.80,4012.10,4011.20,4011.20,31,21,52,10.00,17.00,-2.00,1.00,40.0,33,126,0.7000,0.5385,-9.00,4.00,4013.71,-0.2809,DOWN,124.85,0.4165,1.1823
20260720 190034 683,4011.20,1,4011.20,4011.50,0.30,4011.20,2,4011.10,5,4011.00,5,4010.90,5,4010.80,5,4010.70,5,4010.60,9,4010.50,10,4010.40,10,4010.30,7,4011.50,3,4011.60,4,4011.70,5,4011.80,5,4011.90,5,4012.00,16,4012.10,12,4012.20,15,4012.30,13,4012.40,15,Sell,31,19,50,12.00,20.00,-1.00,0.90,66.7,4011.80,4012.10,4011.20,4011.20,31,21,52,10.00,17.00,-2.00,1.00,40.0,33,126,0.7000,0.6667,-10.00,3.00,4013.71,-0.2809,DOWN,124.85,0.4165,1.1823
20260720 190036 051,4011.30,1,4011.30,4011.60,0.30,4011.30,3,4011.20,5,4011.10,4,4011.00,5,4010.90,5,4010.80,6,4010.70,4,4010.60,9,4010.50,10,4010.40,10,4011.60,4,4011.70,4,4011.80,5,4011.90,5,4012.00,7,4012.10,9,4012.20,11,4012.30,10,4012.40,13,4012.50,11,Sell,31,20,51,11.00,20.00,-1.00,0.90,55.6,4011.80,4012.10,4011.20,4011.30,31,21,52,10.00,17.00,-2.00,1.00,40.0,33,126,0.7000,0.8182,-11.00,2.00,4013.72,-0.2777,DOWN,124.85,0.4165,1.1823
20260720 190036 051,4011.30,1,4011.30,4011.60,0.30,4011.30,3,4011.20,5,4011.10,4,4011.00,5,4010.90,5,4010.80,6,4010.70,4,4010.60,9,4010.50,10,4010.40,10,4011.60,4,4011.70,4,4011.80,5,4011.90,5,4012.00,7,4012.10,9,4012.20,11,4012.30,10,4012.40,13,4012.50,11,Sell,31,21,52,10.00,20.00,-1.00,0.90,55.6,4011.80,4012.10,4011.20,4011.30,31,21,52,10.00,17.00,-2.00,1.00,40.0,33,126,0.7000,1.0000,-12.00,1.00,4013.72,-0.2777,DOWN,124.85,0.4165,1.1823
20260720 190036 051,4011.20,1,4011.30,4011.60,0.30,4011.30,3,4011.20,5,4011.10,4,4011.00,5,4010.90,5,4010.80,6,4010.70,4,4010.60,9,4010.50,10,4010.40,10,4011.60,4,4011.70,4,4011.80,5,4011.90,5,4012.00,7,4012.10,9,4012.20,11,4012.30,10,4012.40,13,4012.50,11,Sell,31,22,53,9.00,20.00,-1.00,0.90,66.7,4011.80,4012.10,4011.20,4011.20,31,21,52,10.00,17.00,-2.00,1.00,40.0,33,126,0.7000,1.2222,-13.00,0.00,4013.71,-0.2809,DOWN,124.85,0.4165,1.1823
20260720 190036 051,4011.20,1,4011.30,4011.60,0.30,4011.30,3,4011.20,5,4011.10,4,4011.00,5,4010.90,5,4010.80,6,4010.70,4,4010.60,9,4010.50,10,4010.40,10,4011.60,4,4011.70,4,4011.80,5,4011.90,5,4012.00,7,4012.10,9,4012.20,11,4012.30,10,4012.40,13,4012.50,11,Sell,31,23,54,8.00,20.00,-1.00,0.90,66.7,4011.80,4012.10,4011.20,4011.20,31,21,52,10.00,17.00,-2.00,1.00,40.0,33,126,0.7000,1.5000,-14.00,-1.00,4013.71,-0.2809,DOWN,124.85,0.4165,1.1823
20260720 190036 051,4011.10,1,4011.30,4011.60,0.30,4011.30,3,4011.20,5,4011.10,4,4011.00,5,4010.90,5,4010.80,6,4010.70,4,4010.60,9,4010.50,10,4010.40,10,4011.60,4,4011.70,4,4011.80,5,4011.90,5,4012.00,7,4012.10,9,4012.20,11,4012.30,10,4012.40,13,4012.50,11,Sell,31,24,55,7.00,20.00,-1.00,1.00,70.0,4011.80,4012.10,4011.10,4011.10,31,21,52,10.00,17.00,-2.00,1.00,40.0,33,126,0.7000,1.8571,-15.00,-2.00,4013.70,-0.2840,DOWN,124.85,0.4165,1.1895
20260720 190040 589,4011.50,1,4011.30,4011.50,0.20,4011.30,2,4011.20,4,4011.10,3,4011.00,4,4010.90,5,4010.80,15,4010.70,5,4010.60,9,4010.50,10,4010.40,10,4011.50,1,4011.60,5,4011.70,4,4011.80,5,4011.90,5,4012.00,7,4012.10,4,4012.20,12,4012.30,10,4012.40,10,Buy,32,24,56,8.00,20.00,-1.00,1.00,30.0,4011.80,4012.10,4011.10,4011.50,31,21,52,10.00,17.00,-2.00,1.00,40.0,33,126,0.7000,1.5000,-14.00,-1.00,4013.74,-0.2713,DOWN,124.85,0.4165,1.1895
20260720 190041 119,4011.30,1,4011.30,4011.60,0.30,4011.30,2,4011.20,4,4011.10,3,4011.00,4,4010.90,5,4010.80,15,4010.70,5,4010.60,9,4010.50,10,4010.40,10,4011.60,5,4011.70,5,4011.80,5,4011.90,5,4012.00,7,4012.10,4,4012.20,12,4012.30,10,4012.40,10,4012.50,11,Sell,32,25,57,7.00,20.00,-1.00,1.00,50.0,4011.80,4012.10,4011.10,4011.30,31,21,52,10.00,17.00,-2.00,1.00,40.0,33,126,0.7000,1.8571,-15.00,-2.00,4013.72,-0.2777,DOWN,124.85,0.4165,1.1895
20260720 190042 153,4011.30,1,4011.30,4011.50,0.20,4011.30,2,4011.20,6,4011.10,3,4011.00,4,4010.90,6,4010.80,15,4010.70,4,4010.60,9,4010.50,10,4010.40,10,4011.50,1,4011.60,4,4011.70,5,4011.80,4,4011.90,5,4012.00,7,4012.10,3,4012.20,12,4012.30,10,4012.40,11,Sell,32,26,58,6.00,20.00,-1.00,1.00,50.0,4011.80,4012.10,4011.10,4011.30,31,21,52,10.00,17.00,-2.00,1.00,40.0,33,126,0.7000,2.3333,-16.00,-3.00,4013.72,-0.2777,DOWN,124.85,0.4165,1.1895
20260720 190042 153,4011.30,1,4011.30,4011.50,0.20,4011.30,2,4011.20,6,4011.10,3,4011.00,4,4010.90,6,4010.80,15,4010.70,4,4010.60,9,4010.50,10,4010.40,10,4011.50,1,4011.60,4,4011.70,5,4011.80,4,4011.90,5,4012.00,7,4012.10,3,4012.20,12,4012.30,10,4012.40,11,Sell,32,27,59,5.00,20.00,-1.00,1.00,50.0,4011.80,4012.10,4011.10,4011.30,31,21,52,10.00,17.00,-2.00,1.00,40.0,33,126,0.7000,3.0000,-17.00,-4.00,4013.72,-0.2777,DOWN,124.85,0.4165,1.1895
20260720 190050 689,4011.90,1,4011.80,4012.00,0.20,4011.80,2,4011.70,3,4011.60,5,4011.50,4,4011.40,7,4011.30,10,4011.20,10,4011.10,9,4011.00,10,4010.90,10,4012.00,2,4012.10,3,4012.20,4,4012.30,5,4012.40,5,4012.50,6,4012.60,4,4012.70,13,4012.80,14,4012.90,13,Sell,32,28,60,4.00,20.00,-1.00,1.00,10.0,4011.80,4012.10,4011.10,4011.90,31,21,52,10.00,17.00,-2.00,1.00,40.0,33,126,0.7000,4.0000,-18.00,-5.00,4013.78,-0.2586,DOWN,124.85,0.4165,1.1895
20260720 190052 483,4011.90,1,4011.90,4012.10,0.20,4011.50,2,4011.40,7,4011.30,11,4011.20,10,4011.10,9,4011.00,9,4010.90,10,4010.80,22,4010.70,9,4010.60,9,4012.00,1,4012.10,2,4012.20,4,4012.30,5,4012.40,5,4012.50,6,4012.60,4,4012.70,12,4012.80,14,4012.90,14,Sell,32,29,61,3.00,20.00,-1.00,1.00,10.0,4011.80,4012.10,4011.10,4011.90,31,21,52,10.00,17.00,-2.00,1.00,40.0,33,126,0.7000,5.6667,-19.00,-6.00,4013.78,-0.2586,DOWN,124.85,0.4165,1.1895
20260720 190052 483,4011.80,1,4011.90,4012.10,0.20,4011.50,2,4011.40,7,4011.30,11,4011.20,10,4011.10,9,4011.00,9,4010.90,10,4010.80,22,4010.70,9,4010.60,9,4012.00,1,4012.10,2,4012.20,4,4012.30,5,4012.40,5,4012.50,6,4012.60,4,4012.70,12,4012.80,14,4012.90,14,Sell,32,30,62,2.00,20.00,-1.00,1.00,0.0,4011.80,4012.10,4011.10,4011.80,31,21,52,10.00,17.00,-2.00,1.00,40.0,33,126,0.7000,9.0000,-20.00,-7.00,4013.77,-0.2618,DOWN,124.85,0.4165,1.1895
20260720 190052 483,4011.80,1,4011.90,4012.10,0.20,4011.50,2,4011.40,7,4011.30,11,4011.20,10,4011.10,9,4011.00,9,4010.90,10,4010.80,22,4010.70,9,4010.60,9,4012.00,1,4012.10,2,4012.20,4,4012.30,5,4012.40,5,4012.50,6,4012.60,4,4012.70,12,4012.80,14,4012.90,14,Sell,32,31,63,1.00,20.00,-1.00,1.00,0.0,4011.80,4012.10,4011.10,4011.80,31,21,52,10.00,17.00,-2.00,1.00,40.0,33,126,0.7000,19.0000,-21.00,-8.00,4013.77,-0.2618,DOWN,124.85,0.4165,1.1895
20260720 190052 483,4011.70,1,4011.90,4012.10,0.20,4011.50,2,4011.40,7,4011.30,11,4011.20,10,4011.10,9,4011.00,9,4010.90,10,4010.80,22,4010.70,9,4010.60,9,4012.00,1,4012.10,2,4012.20,4,4012.30,5,4012.40,5,4012.50,6,4012.60,4,4012.70,12,4012.80,14,4012.90,14,Sell,32,32,64,0.00,20.00,-1.00,1.00,10.0,4011.80,4012.10,4011.10,4011.70,31,21,52,10.00,17.00,-2.00,1.00,40.0,33,126,0.7000,20.0000,-22.00,-9.00,4013.76,-0.2650,DOWN,124.85,0.4165,1.1895
20260720 190052 483,4011.70,1,4011.90,4012.10,0.20,4011.50,2,4011.40,7,4011.30,11,4011.20,10,4011.10,9,4011.00,9,4010.90,10,4010.80,22,4010.70,9,4010.60,9,4012.00,1,4012.10,2,4012.20,4,4012.30,5,4012.40,5,4012.50,6,4012.60,4,4012.70,12,4012.80,14,4012.90,14,Sell,32,33,65,-1.00,20.00,-1.00,1.00,10.0,4011.80,4012.10,4011.10,4011.70,31,21,52,10.00,17.00,-2.00,1.00,40.0,33,126,0.7000,0.0000,-23.00,-10.00,4013.76,-0.2650,DOWN,124.85,0.4165,1.1895
20260720 190052 483,4011.70,1,4011.90,4012.10,0.20,4011.50,2,4011.40,7,4011.30,11,4011.20,10,4011.10,9,4011.00,9,4010.90,10,4010.80,22,4010.70,9,4010.60,9,4012.00,1,4012.10,2,4012.20,4,4012.30,5,4012.40,5,4012.50,6,4012.60,4,4012.70,12,4012.80,14,4012.90,14,Sell,32,34,66,-2.00,20.00,-2.00,1.00,10.0,4011.80,4012.10,4011.10,4011.70,31,21,52,10.00,17.00,-2.00,1.00,40.0,33,126,0.7000,0.0000,-24.00,-11.00,4013.76,-0.2650,DOWN,124.85,0.4165,1.1895
20260720 190052 483,4011.60,1,4011.90,4012.10,0.20,4011.50,2,4011.40,7,4011.30,11,4011.20,10,4011.10,9,4011.00,9,4010.90,10,4010.80,22,4010.70,9,4010.60,9,4012.00,1,4012.10,2,4012.20,4,4012.30,5,4012.40,5,4012.50,6,4012.60,4,4012.70,12,4012.80,14,4012.90,14,Sell,32,35,67,-3.00,20.00,-3.00,1.00,20.0,4011.80,4012.10,4011.10,4011.60,31,21,52,10.00,17.00,-2.00,1.00,40.0,33,126,0.7000,0.0000,-25.00,-12.00,4013.75,-0.2682,DOWN,124.85,0.4165,1.1895
20260720 190052 483,4011.60,1,4011.90,4012.10,0.20,4011.50,2,4011.40,7,4011.30,11,4011.20,10,4011.10,9,4011.00,9,4010.90,10,4010.80,22,4010.70,9,4010.60,9,4012.00,1,4012.10,2,4012.20,4,4012.30,5,4012.40,5,4012.50,6,4012.60,4,4012.70,12,4012.80,14,4012.90,14,Sell,32,36,68,-4.00,20.00,-4.00,1.00,20.0,4011.80,4012.10,4011.10,4011.60,31,21,52,10.00,17.00,-2.00,1.00,40.0,33,126,0.7000,0.0000,-26.00,-13.00,4013.75,-0.2682,DOWN,124.85,0.4165,1.1895
20260720 190052 483,4011.60,1,4011.90,4012.10,0.20,4011.50,2,4011.40,7,4011.30,11,4011.20,10,4011.10,9,4011.00,9,4010.90,10,4010.80,22,4010.70,9,4010.60,9,4012.00,1,4012.10,2,4012.20,4,4012.30,5,4012.40,5,4012.50,6,4012.60,4,4012.70,12,4012.80,14,4012.90,14,Sell,32,37,69,-5.00,20.00,-5.00,1.00,20.0,4011.80,4012.10,4011.10,4011.60,31,21,52,10.00,17.00,-2.00,1.00,40.0,33,126,0.7000,0.0000,-27.00,-14.00,4013.75,-0.2682,DOWN,124.85,0.4165,1.1895
20260720 190052 483,4011.60,1,4011.90,4012.10,0.20,4011.50,2,4011.40,7,4011.30,11,4011.20,10,4011.10,9,4011.00,9,4010.90,10,4010.80,22,4010.70,9,4010.60,9,4012.00,1,4012.10,2,4012.20,4,4012.30,5,4012.40,5,4012.50,6,4012.60,4,4012.70,12,4012.80,14,4012.90,14,Sell,32,38,70,-6.00,20.00,-6.00,1.00,20.0,4011.80,4012.10,4011.10,4011.60,31,21,52,10.00,17.00,-2.00,1.00,40.0,33,126,0.7000,0.0000,-28.00,-15.00,4013.75,-0.2682,DOWN,124.85,0.4165,1.1895
20260720 190052 483,4011.60,1,4011.90,4012.10,0.20,4011.50,2,4011.40,7,4011.30,11,4011.20,10,4011.10,9,4011.00,9,4010.90,10,4010.80,22,4010.70,9,4010.60,9,4012.00,1,4012.10,2,4012.20,4,4012.30,5,4012.40,5,4012.50,6,4012.60,4,4012.70,12,4012.80,14,4012.90,14,Sell,32,39,71,-7.00,20.00,-7.00,1.00,20.0,4011.80,4012.10,4011.10,4011.60,31,21,52,10.00,17.00,-2.00,1.00,40.0,33,126,0.7000,0.0000,-29.00,-16.00,4013.75,-0.2682,DOWN,124.85,0.4165,1.1895
20260720 190052 483,4011.50,1,4011.90,4012.10,0.20,4011.50,2,4011.40,7,4011.30,11,4011.20,10,4011.10,9,4011.00,9,4010.90,10,4010.80,22,4010.70,9,4010.60,9,4012.00,1,4012.10,2,4012.20,4,4012.30,5,4012.40,5,4012.50,6,4012.60,4,4012.70,12,4012.80,14,4012.90,14,Sell,32,40,72,-8.00,20.00,-8.00,1.00,30.0,4011.80,4012.10,4011.10,4011.50,31,21,52,10.00,17.00,-2.00,1.00,40.0,33,126,0.7000,0.0000,-30.00,-17.00,4013.74,-0.2713,DOWN,124.85,0.4165,1.1895
20260720 190052 483,4011.50,1,4011.90,4012.10,0.20,4011.50,2,4011.40,7,4011.30,11,4011.20,10,4011.10,9,4011.00,9,4010.90,10,4010.80,22,4010.70,9,4010.60,9,4012.00,1,4012.10,2,4012.20,4,4012.30,5,4012.40,5,4012.50,6,4012.60,4,4012.70,12,4012.80,14,4012.90,14,Sell,32,41,73,-9.00,20.00,-9.00,1.00,30.0,4011.80,4012.10,4011.10,4011.50,31,21,52,10.00,17.00,-2.00,1.00,40.0,33,126,0.7000,0.0000,-31.00,-18.00,4013.74,-0.2713,DOWN,124.85,0.4165,1.1895
20260720 190053 999,4012.00,1,4012.00,4012.10,0.10,4012.00,1,4011.90,2,4011.80,3,4011.70,6,4011.60,8,4011.50,5,4011.40,7,4011.30,10,4011.20,10,4011.10,9,4012.10,1,4012.20,3,4012.30,5,4012.40,5,4012.50,6,4012.60,4,4012.70,12,4012.80,14,4012.90,13,4013.00,21,Buy,33,41,74,-8.00,20.00,-9.00,1.00,20.0,4011.80,4012.10,4011.10,4012.00,31,21,52,10.00,17.00,-2.00,1.00,40.0,33,126,0.7000,0.1250,-30.00,-17.00,4013.79,-0.2555,DOWN,124.85,0.4165,1.1895
20260720 190056 643,4012.00,1,4011.90,4012.10,0.20,4011.90,1,4011.80,4,4011.70,6,4011.60,7,4011.50,5,4011.40,7,4011.30,10,4011.20,10,4011.10,9,4011.00,9,4012.10,2,4012.20,3,4012.30,5,4012.40,5,4012.50,6,4012.60,4,4012.70,12,4012.80,14,4012.90,13,4013.00,20,Buy,34,41,75,-7.00,20.00,-9.00,1.00,20.0,4011.80,4012.10,4011.10,4012.00,31,21,52,10.00,17.00,-2.00,1.00,40.0,33,126,0.7000,0.2857,-29.00,-16.00,4013.79,-0.2555,DOWN,124.85,0.4165,1.1895
20260720 190058 970,4012.00,2,4011.90,4012.10,0.20,4011.90,3,4011.80,3,4011.70,5,4011.60,7,4011.50,4,4011.40,7,4011.30,10,4011.20,10,4011.10,9,4011.00,9,4012.10,1,4012.20,2,4012.30,5,4012.40,5,4012.50,6,4012.60,5,4012.70,12,4012.80,14,4012.90,13,4013.00,20,Buy,36,41,77,-5.00,20.00,-9.00,1.00,20.0,4011.80,4012.10,4011.10,4012.00,31,21,52,10.00,17.00,-2.00,1.00,40.0,33,126,0.7000,0.8000,-27.00,-14.00,4013.79,-0.2555,DOWN,124.85,0.4165,1.1895
20260720 190059 336,4012.30,1,4012.00,4012.20,0.20,4012.00,2,4011.90,4,4011.80,5,4011.70,5,4011.60,7,4011.50,9,4011.40,12,4011.30,10,4011.20,10,4011.10,10,4012.20,1,4012.30,3,4012.40,3,4012.50,5,4012.60,6,4012.70,5,4012.80,9,4012.90,7,4013.00,20,4013.10,19,Buy,37,41,78,-4.00,20.00,-9.00,1.20,41.7,4011.80,4012.30,4011.10,4012.30,31,21,52,10.00,17.00,-2.00,1.00,40.0,33,126,0.7000,1.2500,-26.00,-13.00,4013.82,-0.2459,DOWN,124.85,0.4165,1.2038
20260720 190059 336,4012.30,1,4012.00,4012.20,0.20,4012.00,2,4011.90,4,4011.80,5,4011.70,5,4011.60,7,4011.50,9,4011.40,12,4011.30,10,4011.20,10,4011.10,10,4012.20,1,4012.30,3,4012.40,3,4012.50,5,4012.60,6,4012.70,5,4012.80,9,4012.90,7,4013.00,20,4013.10,19,Buy,38,41,79,-3.00,20.00,-9.00,1.20,41.7,4011.80,4012.30,4011.10,4012.30,31,21,52,10.00,17.00,-2.00,1.00,40.0,33,126,0.7000,2.0000,-25.00,-12.00,4013.82,-0.2459,DOWN,124.85,0.4165,1.2038
20260720 190059 336,4012.30,1,4012.00,4012.20,0.20,4012.00,2,4011.90,4,4011.80,5,4011.70,5,4011.60,7,4011.50,9,4011.40,12,4011.30,10,4011.20,10,4011.10,10,4012.20,1,4012.30,3,4012.40,3,4012.50,5,4012.60,6,4012.70,5,4012.80,9,4012.90,7,4013.00,20,4013.10,19,Buy,39,41,80,-2.00,20.00,-9.00,1.20,41.7,4011.80,4012.30,4011.10,4012.30,31,21,52,10.00,17.00,-2.00,1.00,40.0,33,126,0.7000,3.5000,-24.00,-11.00,4013.82,-0.2459,DOWN,124.85,0.4165,1.2038
20260720 190059 336,4012.40,1,4012.00,4012.20,0.20,4012.00,2,4011.90,4,4011.80,5,4011.70,5,4011.60,7,4011.50,9,4011.40,12,4011.30,10,4011.20,10,4011.10,10,4012.20,1,4012.30,3,4012.40,3,4012.50,5,4012.60,6,4012.70,5,4012.80,9,4012.90,7,4013.00,20,4013.10,19,Buy,40,41,81,-1.00,20.00,-9.00,1.30,46.2,4011.80,4012.40,4011.10,4012.40,31,21,52,10.00,17.00,-2.00,1.00,40.0,33,126,0.7000,8.0000,-23.00,-10.00,4013.83,-0.2428,DOWN,124.85,0.4165,1.2109
20260720 190059 336,4012.40,1,4012.00,4012.20,0.20,4012.00,2,4011.90,4,4011.80,5,4011.70,5,4011.60,7,4011.50,9,4011.40,12,4011.30,10,4011.20,10,4011.10,10,4012.20,1,4012.30,3,4012.40,3,4012.50,5,4012.60,6,4012.70,5,4012.80,9,4012.90,7,4013.00,20,4013.10,19,Buy,41,41,82,0.00,20.00,-9.00,1.30,46.2,4011.80,4012.40,4011.10,4012.40,31,21,52,10.00,17.00,-2.00,1.00,40.0,33,126,0.7000,20.0000,-22.00,-9.00,4013.83,-0.2428,DOWN,124.85,0.4165,1.2109
20260720 190059 353,4012.20,1,4012.00,4012.20,0.20,4012.00,2,4011.90,4,4011.80,5,4011.70,5,4011.60,7,4011.50,9,4011.40,12,4011.30,10,4011.20,10,4011.10,10,4012.20,1,4012.30,3,4012.40,3,4012.50,5,4012.60,6,4012.70,5,4012.80,9,4012.90,7,4013.00,20,4013.10,19,Sell,41,42,83,-1.00,20.00,-9.00,1.30,30.8,4011.80,4012.40,4011.10,4012.20,31,21,52,10.00,17.00,-2.00,1.00,40.0,33,126,0.7000,8.0000,-23.00,-10.00,4013.81,-0.2491,DOWN,124.85,0.4165,1.2109
20260720 190059 353,4012.20,1,4012.00,4012.20,0.20,4012.00,2,4011.90,4,4011.80,5,4011.70,5,4011.60,7,4011.50,9,4011.40,12,4011.30,10,4011.20,10,4011.10,10,4012.20,1,4012.30,3,4012.40,3,4012.50,5,4012.60,6,4012.70,5,4012.80,9,4012.90,7,4013.00,20,4013.10,19,Sell,41,43,84,-2.00,20.00,-9.00,1.30,30.8,4011.80,4012.40,4011.10,4012.20,31,21,52,10.00,17.00,-2.00,1.00,40.0,33,126,0.7000,3.5000,-24.00,-11.00,4013.81,-0.2491,DOWN,124.85,0.4165,1.2109
20260720 190101 306,4012.50,1,4012.40,4012.60,0.20,4012.40,3,4012.30,3,4012.20,4,4012.10,4,4012.00,6,4011.90,4,4011.80,5,4011.70,5,4011.60,11,4011.50,9,4012.60,2,4012.70,4,4012.80,8,4012.90,7,4013.00,14,4013.10,13,4013.20,11,4013.30,14,4013.40,13,4013.50,10,Buy,1,0,1,1.00,1.00,1.00,0.00,0.0,4012.50,4012.50,4012.50,4012.50,41,43,84,-2.00,20.00,-9.00,1.30,30.8,-54,117,3.5000,0.0000,-12.00,-28.00,4013.84,-0.2396,DOWN,125.40,0.6699,1.1458
20260720 190101 306,4012.50,1,4012.40,4012.60,0.20,4012.40,3,4012.30,3,4012.20,4,4012.10,4,4012.00,6,4011.90,4,4011.80,5,4011.70,5,4011.60,11,4011.50,9,4012.60,2,4012.70,4,4012.80,8,4012.90,7,4013.00,14,4013.10,13,4013.20,11,4013.30,14,4013.40,13,4013.50,10,Buy,2,0,2,2.00,2.00,1.00,0.00,0.0,4012.50,4012.50,4012.50,4012.50,41,43,84,-2.00,20.00,-9.00,1.30,30.8,-54,117,3.5000,0.0000,-11.00,-27.00,4013.84,-0.2396,DOWN,125.40,0.6699,1.1458
20260720 190101 668,4012.50,1,4012.30,4012.50,0.20,4012.30,2,4012.20,5,4012.10,4,4012.00,5,4011.90,4,4011.80,6,4011.70,10,4011.60,11,4011.50,9,4011.40,12,4012.60,3,4012.70,3,4012.80,7,4012.90,7,4013.00,14,4013.10,13,4013.20,11,4013.30,14,4013.40,14,4013.50,10,Buy,3,0,3,3.00,3.00,1.00,0.00,0.0,4012.50,4012.50,4012.50,4012.50,41,43,84,-2.00,20.00,-9.00,1.30,30.8,-54,117,3.5000,0.0000,-10.00,-26.00,4013.84,-0.2396,DOWN,125.40,0.6699,1.1458
20260720 190101 756,4012.60,1,4012.50,4012.80,0.30,4012.50,3,4012.40,4,4012.30,4,4012.20,5,4012.10,5,4012.00,5,4011.90,13,4011.80,13,4011.70,10,4011.60,11,4012.80,3,4012.90,7,4013.00,14,4013.10,13,4013.20,11,4013.30,14,4013.40,13,4013.50,10,4013.60,15,4013.70,11,Buy,4,0,4,4.00,4.00,1.00,0.10,100.0,4012.50,4012.60,4012.50,4012.60,41,43,84,-2.00,20.00,-9.00,1.30,30.8,-54,117,3.5000,0.0000,-9.00,-25.00,4013.85,-0.2364,DOWN,125.40,0.6699,1.1530
20260720 190107 921,4012.50,1,4012.20,4012.40,0.20,4012.20,2,4012.10,4,4012.00,5,4011.90,4,4011.80,4,4011.70,10,4011.60,11,4011.50,9,4011.40,12,4011.30,10,4012.40,1,4012.50,3,4012.60,5,4012.70,5,4012.80,7,4012.90,8,4013.00,16,4013.10,20,4013.20,11,4013.30,14,Sell,4,1,5,3.00,4.00,1.00,0.10,0.0,4012.50,4012.60,4012.50,4012.50,41,43,84,-2.00,20.00,-9.00,1.30,30.8,-54,117,3.5000,0.3333,-10.00,-26.00,4013.84,-0.2396,DOWN,125.40,0.6699,1.1530
20260720 190108 361,4012.30,1,4012.30,4012.50,0.20,4012.30,1,4012.20,3,4012.10,4,4012.00,5,4011.90,4,4011.80,5,4011.70,9,4011.60,11,4011.50,9,4011.40,12,4012.50,2,4012.60,5,4012.70,5,4012.80,7,4012.90,8,4013.00,15,4013.10,20,4013.20,12,4013.30,14,4013.40,13,Sell,4,2,6,2.00,4.00,1.00,0.30,66.7,4012.50,4012.60,4012.30,4012.30,41,43,84,-2.00,20.00,-9.00,1.30,30.8,-54,117,3.5000,1.0000,-11.00,-27.00,4013.82,-0.2459,DOWN,125.40,0.6699,1.1530
20260720 190109 672,4012.20,1,4011.90,4012.20,0.30,4011.90,3,4011.80,4,4011.70,4,4011.60,11,4011.50,8,4011.40,12,4011.30,10,4011.20,13,4011.10,8,4011.00,11,4012.20,2,4012.30,6,4012.40,7,4012.50,4,4012.60,5,4012.70,5,4012.80,6,4012.90,15,4013.00,22,4013.10,20,Sell,4,3,7,1.00,4.00,1.00,0.40,75.0,4012.50,4012.60,4012.20,4012.20,41,43,84,-2.00,20.00,-9.00,1.30,30.8,-54,117,3.5000,3.0000,-12.00,-28.00,4013.81,-0.2491,DOWN,125.40,0.6699,1.1530
20260720 190109 815,4012.00,1,4012.00,4012.30,0.30,4012.00,2,4011.90,5,4011.80,3,4011.70,5,4011.60,7,4011.50,3,4011.40,12,4011.30,10,4011.20,12,4011.10,8,4012.30,4,4012.40,6,4012.50,4,4012.60,5,4012.70,4,4012.80,7,4012.90,15,4013.00,22,4013.10,20,4013.20,13,Sell,4,4,8,0.00,4.00,0.00,0.60,83.3,4012.50,4012.60,4012.00,4012.00,41,43,84,-2.00,20.00,-9.00,1.30,30.8,-54,117,3.5000,4.0000,-13.00,-29.00,4013.79,-0.2555,DOWN,125.40,0.6699,1.1673
20260720 190109 815,4012.00,1,4012.00,4012.30,0.30,4012.00,2,4011.90,5,4011.80,3,4011.70,5,4011.60,7,4011.50,3,4011.40,12,4011.30,10,4011.20,12,4011.10,8,4012.30,4,4012.40,6,4012.50,4,4012.60,5,4012.70,4,4012.80,7,4012.90,15,4013.00,22,4013.10,20,4013.20,13,Sell,4,5,9,-1.00,4.00,-1.00,0.60,83.3,4012.50,4012.60,4012.00,4012.00,41,43,84,-2.00,20.00,-9.00,1.30,30.8,-54,117,3.5000,0.0000,-14.00,-30.00,4013.79,-0.2555,DOWN,125.40,0.6699,1.1673
20260720 190109 815,4012.00,1,4012.00,4012.30,0.30,4012.00,2,4011.90,5,4011.80,3,4011.70,5,4011.60,7,4011.50,3,4011.40,12,4011.30,10,4011.20,12,4011.10,8,4012.30,4,4012.40,6,4012.50,4,4012.60,5,4012.70,4,4012.80,7,4012.90,15,4013.00,22,4013.10,20,4013.20,13,Sell,4,6,10,-2.00,4.00,-2.00,0.60,83.3,4012.50,4012.60,4012.00,4012.00,41,43,84,-2.00,20.00,-9.00,1.30,30.8,-54,117,3.5000,0.0000,-15.00,-31.00,4013.79,-0.2555,DOWN,125.40,0.6699,1.1673
20260720 190109 817,4012.10,1,4012.00,4012.30,0.30,4012.00,2,4011.90,5,4011.80,3,4011.70,5,4011.60,7,4011.50,3,4011.40,12,4011.30,10,4011.20,12,4011.10,8,4012.30,4,4012.40,6,4012.50,4,4012.60,5,4012.70,4,4012.80,7,4012.90,15,4013.00,22,4013.10,20,4013.20,13,Buy,5,6,11,-1.00,4.00,-2.00,0.60,66.7,4012.50,4012.60,4012.00,4012.10,41,43,84,-2.00,20.00,-9.00,1.30,30.8,-54,117,3.5000,1.0000,-14.00,-30.00,4013.80,-0.2523,DOWN,125.40,0.6699,1.1673
20260720 190111 285,4012.10,1,4012.00,4012.20,0.20,4012.00,2,4011.90,3,4011.80,2,4011.70,5,4011.60,6,4011.50,4,4011.40,12,4011.30,10,4011.20,12,4011.10,9,4012.20,2,4012.30,4,4012.40,7,4012.50,4,4012.60,5,4012.70,4,4012.80,6,4012.90,16,4013.00,22,4013.10,20,Sell,5,7,12,-2.00,4.00,-2.00,0.60,66.7,4012.50,4012.60,4012.00,4012.10,41,43,84,-2.00,20.00,-9.00,1.30,30.8,-54,117,3.5000,0.0000,-15.00,-31.00,4013.80,-0.2523,DOWN,125.40,0.6699,1.1673
20260720 190115 925,4011.90,1,4011.90,4012.10,0.20,4011.90,1,4011.80,1,4011.70,5,4011.60,7,4011.50,4,4011.40,8,4011.30,11,4011.20,12,4011.10,8,4011.00,9,4012.10,2,4012.20,4,4012.30,6,4012.40,8,4012.50,4,4012.60,5,4012.70,5,4012.80,13,4012.90,15,4013.00,24,Sell,5,8,13,-3.00,4.00,-3.00,0.70,85.7,4012.50,4012.60,4011.90,4011.90,41,43,84,-2.00,20.00,-9.00,1.30,30.8,-54,117,3.5000,0.0000,-16.00,-32.00,4013.78,-0.2586,DOWN,125.40,0.6699,1.1744
20260720 190121 360,4011.90,1,4011.90,4012.00,0.10,4011.90,1,4011.80,4,4011.70,3,4011.60,7,4011.50,4,4011.40,8,4011.30,11,4011.20,12,4011.10,8,4011.00,9,4012.00,1,4012.10,2,4012.20,3,4012.30,6,4012.40,7,4012.50,4,4012.60,6,4012.70,11,4012.80,13,4012.90,15,Sell,5,9,14,-4.00,4.00,-4.00,0.70,85.7,4012.50,4012.60,4011.90,4011.90,41,43,84,-2.00,20.00,-9.00,1.30,30.8,-54,117,3.5000,0.0000,-17.00,-33.00,4013.78,-0.2586,DOWN,125.40,0.6699,1.1744
20260720 190121 361,4011.90,1,4011.90,4012.00,0.10,4011.90,1,4011.80,4,4011.70,3,4011.60,7,4011.50,4,4011.40,8,4011.30,11,4011.20,12,4011.10,8,4011.00,9,4012.00,1,4012.10,2,4012.20,3,4012.30,6,4012.40,7,4012.50,4,4012.60,6,4012.70,11,4012.80,13,4012.90,15,Buy,6,9,15,-3.00,4.00,-4.00,0.70,85.7,4012.50,4012.60,4011.90,4011.90,41,43,84,-2.00,20.00,-9.00,1.30,30.8,-54,117,3.5000,0.3333,-16.00,-32.00,4013.78,-0.2586,DOWN,125.40,0.6699,1.1744
20260720 190124 969,4011.80,1,4011.80,4012.00,0.20,4011.80,1,4011.70,3,4011.60,7,4011.50,4,4011.40,8,4011.30,10,4011.20,12,4011.10,8,4011.00,9,4010.90,8,4012.00,1,4012.10,3,4012.20,4,4012.30,6,4012.40,7,4012.50,4,4012.60,5,4012.70,11,4012.80,13,4012.90,15,Sell,6,10,16,-4.00,4.00,-4.00,0.80,87.5,4012.50,4012.60,4011.80,4011.80,41,43,84,-2.00,20.00,-9.00,1.30,30.8,-54,117,3.5000,0.0000,-17.00,-33.00,4013.77,-0.2618,DOWN,125.40,0.6699,1.1816
20260720 190128 231,4011.80,1,4011.80,4012.00,0.20,4011.80,2,4011.70,3,4011.60,6,4011.50,4,4011.40,8,4011.30,11,4011.20,12,4011.10,8,4011.00,9,4010.90,8,4012.00,2,4012.10,4,4012.20,4,4012.30,6,4012.40,7,4012.50,4,4012.60,6,4012.70,11,4012.80,13,4012.90,15,Sell,6,11,17,-5.00,4.00,-5.00,0.80,87.5,4012.50,4012.60,4011.80,4011.80,41,43,84,-2.00,20.00,-9.00,1.30,30.8,-54,117,3.5000,0.0000,-18.00,-34.00,4013.77,-0.2618,DOWN,125.40,0.6699,1.1816
20260720 190128 231,4011.80,1,4011.80,4012.00,0.20,4011.80,2,4011.70,3,4011.60,6,4011.50,4,4011.40,8,4011.30,11,4011.20,12,4011.10,8,4011.00,9,4010.90,8,4012.00,2,4012.10,4,4012.20,4,4012.30,6,4012.40,7,4012.50,4,4012.60,6,4012.70,11,4012.80,13,4012.90,15,Sell,6,12,18,-6.00,4.00,-6.00,0.80,87.5,4012.50,4012.60,4011.80,4011.80,41,43,84,-2.00,20.00,-9.00,1.30,30.8,-54,117,3.5000,0.0000,-19.00,-35.00,4013.77,-0.2618,DOWN,125.40,0.6699,1.1816
20260720 190130 197,4011.80,1,4011.50,4011.70,0.20,4011.50,2,4011.40,5,4011.30,5,4011.20,7,4011.10,12,4011.00,10,4010.90,8,4010.80,9,4010.70,9,4010.60,9,4011.70,1,4011.80,3,4011.90,5,4012.00,5,4012.10,5,4012.20,5,4012.30,7,4012.40,13,4012.50,11,4012.60,12,Sell,6,13,19,-7.00,4.00,-7.00,0.80,87.5,4012.50,4012.60,4011.80,4011.80,41,43,84,-2.00,20.00,-9.00,1.30,30.8,-54,117,3.5000,0.0000,-20.00,-36.00,4013.77,-0.2618,DOWN,125.40,0.6699,1.1816
20260720 190130 234,4011.60,1,4011.50,4011.70,0.20,4011.50,2,4011.40,5,4011.30,5,4011.20,7,4011.10,12,4011.00,10,4010.90,8,4010.80,9,4010.70,9,4010.60,9,4011.70,1,4011.80,3,4011.90,5,4012.00,5,4012.10,5,4012.20,5,4012.30,7,4012.40,13,4012.50,11,4012.60,12,Sell,6,14,20,-8.00,4.00,-8.00,1.00,90.0,4012.50,4012.60,4011.60,4011.60,41,43,84,-2.00,20.00,-9.00,1.30,30.8,-54,117,3.5000,0.0000,-21.00,-37.00,4013.75,-0.2682,DOWN,125.40,0.6699,1.1958
20260720 190130 548,4011.60,1,4011.40,4011.70,0.30,4011.40,4,4011.30,5,4011.20,7,4011.10,12,4011.00,10,4010.90,8,4010.80,9,4010.70,9,4010.60,9,4010.50,10,4011.70,2,4011.80,3,4011.90,4,4012.00,4,4012.10,4,4012.20,5,4012.30,5,4012.40,13,4012.50,11,4012.60,12,Sell,6,15,21,-9.00,4.00,-9.00,1.00,90.0,4012.50,4012.60,4011.60,4011.60,41,43,84,-2.00,20.00,-9.00,1.30,30.8,-54,117,3.5000,0.0000,-22.00,-38.00,4013.75,-0.2682,DOWN,125.40,0.6699,1.1958
20260720 190134 124,4011.80,1,4011.70,4011.90,0.20,4011.70,2,4011.60,3,4011.50,3,4011.40,5,4011.30,6,4011.20,18,4011.10,8,4011.00,10,4010.90,8,4010.80,9,4011.90,3,4012.00,4,4012.10,4,4012.20,4,4012.30,5,4012.40,6,4012.50,11,4012.60,13,4012.70,11,4012.80,13,Buy,7,15,22,-8.00,4.00,-9.00,1.00,70.0,4012.50,4012.60,4011.60,4011.80,41,43,84,-2.00,20.00,-9.00,1.30,30.8,-54,117,3.5000,0.1250,-21.00,-37.00,4013.77,-0.2618,DOWN,125.40,0.6699,1.1958
20260720 190134 124,4011.80,1,4011.70,4011.90,0.20,4011.70,2,4011.60,3,4011.50,3,4011.40,5,4011.30,6,4011.20,18,4011.10,8,4011.00,10,4010.90,8,4010.80,9,4011.90,3,4012.00,4,4012.10,4,4012.20,4,4012.30,5,4012.40,6,4012.50,11,4012.60,13,4012.70,11,4012.80,13,Buy,8,15,23,-7.00,4.00,-9.00,1.00,70.0,4012.50,4012.60,4011.60,4011.80,41,43,84,-2.00,20.00,-9.00,1.30,30.8,-54,117,3.5000,0.2857,-20.00,-36.00,4013.77,-0.2618,DOWN,125.40,0.6699,1.1958
20260720 190134 124,4011.80,1,4011.70,4011.90,0.20,4011.70,2,4011.60,3,4011.50,3,4011.40,5,4011.30,6,4011.20,18,4011.10,8,4011.00,10,4010.90,8,4010.80,9,4011.90,3,4012.00,4,4012.10,4,4012.20,4,4012.30,5,4012.40,6,4012.50,11,4012.60,13,4012.70,11,4012.80,13,Buy,9,15,24,-6.00,4.00,-9.00,1.00,70.0,4012.50,4012.60,4011.60,4011.80,41,43,84,-2.00,20.00,-9.00,1.30,30.8,-54,117,3.5000,0.5000,-19.00,-35.00,4013.77,-0.2618,DOWN,125.40,0.6699,1.1958
20260720 190137 653,4011.90,1,4011.80,4012.00,0.20,4011.80,2,4011.70,1,4011.60,2,4011.50,2,4011.40,5,4011.30,6,4011.20,23,4011.10,8,4011.00,9,4010.90,8,4012.00,1,4012.10,4,4012.20,3,4012.30,5,4012.40,6,4012.50,11,4012.60,13,4012.70,11,4012.80,13,4012.90,15,Buy,10,15,25,-5.00,4.00,-9.00,1.00,60.0,4012.50,4012.60,4011.60,4011.90,41,43,84,-2.00,20.00,-9.00,1.30,30.8,-54,117,3.5000,0.8000,-18.00,-34.00,4013.78,-0.2586,DOWN,125.40,0.6699,1.1958
20260720 190140 030,4012.00,1,4011.80,4012.00,0.20,4011.80,2,4011.70,1,4011.60,2,4011.50,2,4011.40,5,4011.30,6,4011.20,23,4011.10,8,4011.00,9,4010.90,8,4012.00,1,4012.10,4,4012.20,3,4012.30,5,4012.40,6,4012.50,4,4012.60,13,4012.70,11,4012.80,13,4012.90,15,Buy,11,15,26,-4.00,4.00,-9.00,1.00,50.0,4012.50,4012.60,4011.60,4012.00,41,43,84,-2.00,20.00,-9.00,1.30,30.8,-54,117,3.5000,1.2500,-17.00,-33.00,4013.79,-0.2555,DOWN,125.40,0.6699,1.1958
20260720 190144 933,4012.00,1,4011.80,4012.10,0.30,4011.80,2,4011.70,2,4011.60,4,4011.50,2,4011.40,6,4011.30,6,4011.20,22,4011.10,8,4011.00,9,4010.90,8,4012.10,3,4012.20,3,4012.30,5,4012.40,6,4012.50,4,4012.60,12,4012.70,12,4012.80,13,4012.90,15,4013.00,24,Buy,12,15,27,-3.00,4.00,-9.00,1.00,50.0,4012.50,4012.60,4011.60,4012.00,41,43,84,-2.00,20.00,-9.00,1.30,30.8,-54,117,3.5000,2.0000,-16.00,-32.00,4013.79,-0.2555,DOWN,125.40,0.6699,1.1958
20260720 190144 933,4012.10,1,4011.80,4012.10,0.30,4011.80,2,4011.70,2,4011.60,4,4011.50,2,4011.40,6,4011.30,6,4011.20,22,4011.10,8,4011.00,9,4010.90,8,4012.10,3,4012.20,3,4012.30,5,4012.40,6,4012.50,4,4012.60,12,4012.70,12,4012.80,13,4012.90,15,4013.00,24,Buy,13,15,28,-2.00,4.00,-9.00,1.00,40.0,4012.50,4012.60,4011.60,4012.10,41,43,84,-2.00,20.00,-9.00,1.30,30.8,-54,117,3.5000,3.5000,-15.00,-31.00,4013.80,-0.2523,DOWN,125.40,0.6699,1.1958
20260720 190148 663,4012.10,1,4012.00,4012.30,0.30,4012.00,3,4011.90,3,4011.80,3,4011.70,1,4011.60,5,4011.50,2,4011.40,10,4011.30,11,4011.20,22,4011.10,8,4012.30,4,4012.40,5,4012.50,4,4012.60,5,4012.70,4,4012.80,6,4012.90,15,4013.00,23,4013.10,21,4013.20,11,Buy,14,15,29,-1.00,4.00,-9.00,1.00,40.0,4012.50,4012.60,4011.60,4012.10,41,43,84,-2.00,20.00,-9.00,1.30,30.8,-54,117,3.5000,8.0000,-14.00,-30.00,4013.80,-0.2523,DOWN,125.40,0.6699,1.1958
20260720 190149 035,4012.10,1,4012.00,4012.20,0.20,4012.00,2,4011.90,4,4011.80,3,4011.70,2,4011.60,5,4011.50,3,4011.40,10,4011.30,11,4011.20,22,4011.10,8,4012.20,2,4012.30,5,4012.40,6,4012.50,4,4012.60,5,4012.70,4,4012.80,13,4012.90,15,4013.00,23,4013.10,21,Buy,15,15,30,0.00,4.00,-9.00,1.00,40.0,4012.50,4012.60,4011.60,4012.10,41,43,84,-2.00,20.00,-9.00,1.30,30.8,-54,117,3.5000,4.0000,-13.00,-29.00,4013.80,-0.2523,DOWN,125.40,0.6699,1.1958
20260720 190149 035,4012.10,1,4012.00,4012.20,0.20,4012.00,2,4011.90,4,4011.80,3,4011.70,2,4011.60,5,4011.50,3,4011.40,10,4011.30,11,4011.20,22,4011.10,8,4012.20,2,4012.30,5,4012.40,6,4012.50,4,4012.60,5,4012.70,4,4012.80,13,4012.90,15,4013.00,23,4013.10,21,Buy,16,15,31,1.00,4.00,-9.00,1.00,40.0,4012.50,4012.60,4011.60,4012.10,41,43,84,-2.00,20.00,-9.00,1.30,30.8,-54,117,3.5000,3.0000,-12.00,-28.00,4013.80,-0.2523,DOWN,125.40,0.6699,1.1958
20260720 190202 781,4011.80,1,4011.70,4011.90,0.20,4011.70,1,4011.60,3,4011.50,3,4011.40,6,4011.30,11,4011.20,12,4011.10,27,4011.00,9,4010.90,8,4010.80,9,4011.90,2,4012.00,5,4012.10,2,4012.20,5,4012.30,6,4012.40,7,4012.50,4,4012.60,5,4012.70,11,4012.80,14,Sell,0,1,1,-1.00,-1.00,-1.00,0.00,0.0,4011.80,4011.80,4011.80,4011.80,16,15,31,1.00,4.00,-9.00,1.00,40.0,30,30,3.0000,0.0000,-10.00,-5.00,4013.77,-0.2618,DOWN,122.30,0.2535,1.1319
20260720 190202 781,4011.80,1,4011.70,4011.90,0.20,4011.70,1,4011.60,3,4011.50,3,4011.40,6,4011.30,11,4011.20,12,4011.10,27,4011.00,9,4010.90,8,4010.80,9,4011.90,2,4012.00,5,4012.10,2,4012.20,5,4012.30,6,4012.40,7,4012.50,4,4012.60,5,4012.70,11,4012.80,14,Sell,0,2,2,-2.00,-1.00,-2.00,0.00,0.0,4011.80,4011.80,4011.80,4011.80,16,15,31,1.00,4.00,-9.00,1.00,40.0,30,30,3.0000,0.0000,-11.00,-6.00,4013.77,-0.2618,DOWN,122.30,0.2535,1.1319
20260720 190203 499,4011.60,1,4011.50,4011.80,0.30,4011.50,2,4011.40,5,4011.30,6,4011.20,7,4011.10,27,4011.00,10,4010.90,8,4010.80,9,4010.70,9,4010.60,11,4011.80,3,4011.90,4,4012.00,6,4012.10,4,4012.20,5,4012.30,5,4012.40,14,4012.50,12,4012.60,12,4012.70,11,Sell,0,3,3,-3.00,-1.00,-3.00,0.20,100.0,4011.80,4011.80,4011.60,4011.60,16,15,31,1.00,4.00,-9.00,1.00,40.0,30,30,3.0000,0.0000,-12.00,-7.00,4013.75,-0.2682,DOWN,122.30,0.2535,1.1461
20260720 190208 442,4011.40,1,4011.20,4011.50,0.30,4011.20,4,4011.10,23,4011.00,4,4010.90,3,4010.80,6,4010.70,4,4010.60,9,4010.50,10,4010.40,10,4010.30,9,4011.50,2,4011.60,2,4011.70,5,4011.80,4,4011.90,3,4012.00,5,4012.10,3,4012.20,13,4012.30,12,4012.40,14,Sell,0,4,4,-4.00,-1.00,-4.00,0.40,100.0,4011.80,4011.80,4011.40,4011.40,16,15,31,1.00,4.00,-9.00,1.00,40.0,30,30,3.0000,0.0000,-13.00,-8.00,4013.73,-0.2745,DOWN,122.30,0.2535,1.1604
20260720 190213 251,4011.60,1,4011.60,4011.90,0.30,4011.60,2,4011.50,3,4011.40,6,4011.30,6,4011.20,6,4011.10,22,4011.00,13,4010.90,12,4010.80,15,4010.70,13,4011.90,3,4012.00,4,4012.10,4,4012.20,4,4012.30,5,4012.40,7,4012.50,11,4012.60,12,4012.70,12,4012.80,13,Buy,1,4,5,-3.00,-1.00,-4.00,0.40,50.0,4011.80,4011.80,4011.40,4011.60,16,15,31,1.00,4.00,-9.00,1.00,40.0,30,30,3.0000,0.3333,-12.00,-7.00,4013.75,-0.2682,DOWN,122.30,0.2535,1.1604
