Timestamp,Last,Volume,Bid,Ask,Spread,BidPrice1,BidQty1,BidPrice2,BidQty2,BidPrice3,BidQty3,BidPrice4,BidQty4,BidPrice5,BidQty5,BidPrice6,BidQty6,BidPrice7,BidQty7,BidPrice8,BidQty8,BidPrice9,BidQty9,BidPrice10,BidQty10,AskPrice1,AskQty1,AskPrice2,AskQty2,AskPrice3,AskQty3,AskPrice4,AskQty4,AskPrice5,AskQty5,AskPrice6,AskQty6,AskPrice7,AskQty7,AskPrice8,AskQty8,AskPrice9,AskQty9,AskPrice10,AskQty10,Aggressor,CurBarBuyVol,CurBarSellVol,CurBarTotalVol,CurBarDelta,CurBarMaxSeen,CurBarMinSeen,CurBarRange,CurBarBodyPct,CurBarOpen,CurBarHigh,CurBarLow,CurBarClose,PrevBarBuyVol,PrevBarSellVol,PrevBarTotalVol,PrevBarDelta,PrevBarMaxSeen,PrevBarMinSeen,PrevBarRange,PrevBarBodyPct,PrevBar30sAggDelta,PrevBar30sTradeCount,PrevBarAbsorbRatio,IntraAbsorbRatio,CumDelta5Bars,CumDelta10Bars,HTFEmaValue,HTFEmaSlope,HTFEmaDir,H2_HourlyVolBaseline,H2_PrevBarVolMultiple,ATRValue
20260716 194634 463,3980.90,1,3980.70,3980.90,0.20,3980.70,3,3980.60,3,3980.50,5,3980.40,3,3980.30,4,3980.20,8,3980.10,7,3980.00,10,3979.90,17,3979.80,13,3980.90,1,3981.00,4,3981.10,4,3981.20,2,3981.30,6,3981.40,5,3981.50,11,3981.60,11,3981.70,10,3981.80,11,Buy,57,49,106,8.00,25.00,1.00,1.20,16.7,3980.70,3981.20,3980.00,3980.90,108,108,216,0.00,48.00,-4.00,2.10,14.3,-12,120,48.0000,2.1250,1.00,80.00,3991.96,-1.2317,DOWN,244.60,0.8831,1.8666
20260716 194634 463,3980.90,1,3980.70,3980.90,0.20,3980.70,3,3980.60,3,3980.50,5,3980.40,3,3980.30,4,3980.20,8,3980.10,7,3980.00,10,3979.90,17,3979.80,13,3980.90,1,3981.00,4,3981.10,4,3981.20,2,3981.30,6,3981.40,5,3981.50,11,3981.60,11,3981.70,10,3981.80,11,Buy,58,49,107,9.00,25.00,1.00,1.20,16.7,3980.70,3981.20,3980.00,3980.90,108,108,216,0.00,48.00,-4.00,2.10,14.3,-12,120,48.0000,1.7778,2.00,81.00,3991.96,-1.2317,DOWN,244.60,0.8831,1.8666
20260716 194636 145,3980.70,1,3980.60,3980.90,0.30,3980.60,3,3980.50,5,3980.40,4,3980.30,5,3980.20,8,3980.10,7,3980.00,10,3979.90,17,3979.80,13,3979.70,16,3980.90,3,3981.00,6,3981.10,5,3981.20,3,3981.30,7,3981.40,5,3981.50,11,3981.60,11,3981.70,10,3981.80,11,Buy,59,49,108,10.00,25.00,1.00,1.20,0.0,3980.70,3981.20,3980.00,3980.70,108,108,216,0.00,48.00,-4.00,2.10,14.3,-12,120,48.0000,1.5000,3.00,82.00,3991.94,-1.2380,DOWN,244.60,0.8831,1.8666
20260716 194636 145,3980.70,1,3980.60,3980.90,0.30,3980.60,3,3980.50,5,3980.40,4,3980.30,5,3980.20,8,3980.10,7,3980.00,10,3979.90,17,3979.80,13,3979.70,16,3980.90,3,3981.00,6,3981.10,5,3981.20,3,3981.30,7,3981.40,5,3981.50,11,3981.60,11,3981.70,10,3981.80,11,Buy,60,49,109,11.00,25.00,1.00,1.20,0.0,3980.70,3981.20,3980.00,3980.70,108,108,216,0.00,48.00,-4.00,2.10,14.3,-12,120,48.0000,1.2727,4.00,83.00,3991.94,-1.2380,DOWN,244.60,0.8831,1.8666
20260716 194638 224,3980.80,1,3980.50,3980.80,0.30,3980.50,4,3980.40,4,3980.30,5,3980.20,8,3980.10,7,3980.00,10,3979.90,17,3979.80,13,3979.70,16,3979.60,16,3980.80,4,3980.90,6,3981.00,6,3981.10,6,3981.20,3,3981.30,6,3981.40,5,3981.50,11,3981.60,11,3981.70,10,Buy,61,49,110,12.00,25.00,1.00,1.20,8.3,3980.70,3981.20,3980.00,3980.80,108,108,216,0.00,48.00,-4.00,2.10,14.3,-12,120,48.0000,1.0833,5.00,84.00,3991.95,-1.2348,DOWN,244.60,0.8831,1.8666
20260716 194641 069,3980.50,1,3980.40,3980.60,0.20,3980.50,1,3980.40,3,3980.30,5,3980.20,8,3980.10,7,3980.00,10,3979.90,17,3979.80,13,3979.70,16,3979.60,16,3980.70,2,3980.80,3,3980.90,6,3981.00,6,3981.10,7,3981.20,3,3981.30,6,3981.40,5,3981.50,11,3981.60,11,Sell,61,50,111,11.00,25.00,1.00,1.20,16.7,3980.70,3981.20,3980.00,3980.50,108,108,216,0.00,48.00,-4.00,2.10,14.3,-12,120,48.0000,1.2727,4.00,83.00,3991.93,-1.2444,DOWN,244.60,0.8831,1.8666
20260716 194641 072,3980.60,1,3980.40,3980.60,0.20,3980.50,1,3980.40,3,3980.30,5,3980.20,8,3980.10,7,3980.00,10,3979.90,17,3979.80,13,3979.70,16,3979.60,16,3980.70,2,3980.80,3,3980.90,6,3981.00,6,3981.10,7,3981.20,3,3981.30,6,3981.40,5,3981.50,11,3981.60,11,Buy,62,50,112,12.00,25.00,1.00,1.20,8.3,3980.70,3981.20,3980.00,3980.60,108,108,216,0.00,48.00,-4.00,2.10,14.3,-12,120,48.0000,1.0833,5.00,84.00,3991.94,-1.2412,DOWN,244.60,0.8831,1.8666
20260716 194641 072,3980.60,1,3980.40,3980.60,0.20,3980.50,1,3980.40,3,3980.30,5,3980.20,8,3980.10,7,3980.00,10,3979.90,17,3979.80,13,3979.70,16,3979.60,16,3980.70,2,3980.80,3,3980.90,6,3981.00,6,3981.10,7,3981.20,3,3981.30,6,3981.40,5,3981.50,11,3981.60,11,Buy,63,50,113,13.00,25.00,1.00,1.20,8.3,3980.70,3981.20,3980.00,3980.60,108,108,216,0.00,48.00,-4.00,2.10,14.3,-12,120,48.0000,0.9231,6.00,85.00,3991.94,-1.2412,DOWN,244.60,0.8831,1.8666
20260716 194641 072,3980.60,1,3980.40,3980.60,0.20,3980.50,1,3980.40,3,3980.30,5,3980.20,8,3980.10,7,3980.00,10,3979.90,17,3979.80,13,3979.70,16,3979.60,16,3980.70,2,3980.80,3,3980.90,6,3981.00,6,3981.10,7,3981.20,3,3981.30,6,3981.40,5,3981.50,11,3981.60,11,Buy,64,50,114,14.00,25.00,1.00,1.20,8.3,3980.70,3981.20,3980.00,3980.60,108,108,216,0.00,48.00,-4.00,2.10,14.3,-12,120,48.0000,0.7857,7.00,86.00,3991.94,-1.2412,DOWN,244.60,0.8831,1.8666
20260716 194641 077,3980.60,1,3980.40,3980.60,0.20,3980.50,1,3980.40,3,3980.30,5,3980.20,8,3980.10,7,3980.00,10,3979.90,17,3979.80,13,3979.70,16,3979.60,16,3980.70,2,3980.80,3,3980.90,6,3981.00,6,3981.10,7,3981.20,3,3981.30,6,3981.40,5,3981.50,11,3981.60,11,Buy,65,50,115,15.00,25.00,1.00,1.20,8.3,3980.70,3981.20,3980.00,3980.60,108,108,216,0.00,48.00,-4.00,2.10,14.3,-12,120,48.0000,0.6667,8.00,87.00,3991.94,-1.2412,DOWN,244.60,0.8831,1.8666
20260716 194641 212,3980.40,1,3980.30,3980.60,0.30,3980.30,4,3980.20,8,3980.10,7,3980.00,10,3979.90,7,3979.80,3,3979.70,16,3979.60,16,3979.50,15,3979.40,16,3980.60,2,3980.70,5,3980.80,5,3980.90,7,3981.00,6,3981.10,5,3981.20,3,3981.30,11,3981.40,10,3981.50,11,Sell,65,51,116,14.00,25.00,1.00,1.20,25.0,3980.70,3981.20,3980.00,3980.40,108,108,216,0.00,48.00,-4.00,2.10,14.3,-12,120,48.0000,0.7857,7.00,86.00,3991.92,-1.2475,DOWN,244.60,0.8831,1.8666
20260716 194641 237,3980.60,1,3980.30,3980.60,0.30,3980.40,2,3980.30,5,3980.20,8,3980.10,7,3980.00,10,3979.90,7,3979.80,3,3979.70,16,3979.60,16,3979.50,15,3980.60,1,3980.70,5,3980.80,5,3980.90,7,3981.00,6,3981.10,5,3981.20,3,3981.30,12,3981.40,10,3981.50,11,Buy,66,51,117,15.00,25.00,1.00,1.20,8.3,3980.70,3981.20,3980.00,3980.60,108,108,216,0.00,48.00,-4.00,2.10,14.3,-12,120,48.0000,0.6667,8.00,87.00,3991.94,-1.2412,DOWN,244.60,0.8831,1.8666
20260716 194641 540,3980.60,1,3980.40,3980.70,0.30,3980.40,3,3980.30,5,3980.20,8,3980.10,7,3980.00,10,3979.90,7,3979.80,3,3979.70,16,3979.60,16,3979.50,15,3980.70,5,3980.80,5,3980.90,7,3981.00,7,3981.10,5,3981.20,3,3981.30,12,3981.40,10,3981.50,11,3981.60,11,Buy,67,51,118,16.00,25.00,1.00,1.20,8.3,3980.70,3981.20,3980.00,3980.60,108,108,216,0.00,48.00,-4.00,2.10,14.3,-12,120,48.0000,0.5625,9.00,88.00,3991.94,-1.2412,DOWN,244.60,0.8831,1.8666
20260716 194642 233,3980.60,1,3980.40,3980.70,0.30,3980.40,2,3980.30,4,3980.20,8,3980.10,7,3980.00,10,3979.90,7,3979.80,3,3979.70,16,3979.60,16,3979.50,15,3980.70,4,3980.80,6,3980.90,7,3981.00,7,3981.10,7,3981.20,3,3981.30,11,3981.40,10,3981.50,11,3981.60,11,Buy,68,51,119,17.00,25.00,1.00,1.20,8.3,3980.70,3981.20,3980.00,3980.60,108,108,216,0.00,48.00,-4.00,2.10,14.3,-12,120,48.0000,0.4706,10.00,89.00,3991.94,-1.2412,DOWN,244.60,0.8831,1.8666
20260716 194642 233,3980.60,1,3980.40,3980.70,0.30,3980.40,2,3980.30,4,3980.20,8,3980.10,7,3980.00,10,3979.90,7,3979.80,3,3979.70,16,3979.60,16,3979.50,15,3980.70,4,3980.80,6,3980.90,7,3981.00,7,3981.10,7,3981.20,3,3981.30,11,3981.40,10,3981.50,11,3981.60,11,Buy,69,51,120,18.00,25.00,1.00,1.20,8.3,3980.70,3981.20,3980.00,3980.60,108,108,216,0.00,48.00,-4.00,2.10,14.3,-12,120,48.0000,0.3889,11.00,90.00,3991.94,-1.2412,DOWN,244.60,0.8831,1.8666
20260716 194642 622,3980.70,1,3980.50,3980.70,0.20,3980.50,2,3980.40,3,3980.30,4,3980.20,8,3980.10,7,3980.00,10,3979.90,7,3979.80,3,3979.70,16,3979.60,16,3980.80,5,3980.90,6,3981.00,7,3981.10,6,3981.20,4,3981.30,11,3981.40,10,3981.50,11,3981.60,11,3981.70,10,Buy,70,51,121,19.00,25.00,1.00,1.20,0.0,3980.70,3981.20,3980.00,3980.70,108,108,216,0.00,48.00,-4.00,2.10,14.3,-12,120,48.0000,0.3158,12.00,91.00,3991.94,-1.2380,DOWN,244.60,0.8831,1.8666
20260716 194642 622,3980.70,1,3980.50,3980.70,0.20,3980.50,2,3980.40,3,3980.30,4,3980.20,8,3980.10,7,3980.00,10,3979.90,7,3979.80,3,3979.70,16,3979.60,16,3980.80,5,3980.90,6,3981.00,7,3981.10,6,3981.20,4,3981.30,11,3981.40,10,3981.50,11,3981.60,11,3981.70,10,Buy,71,51,122,20.00,25.00,1.00,1.20,0.0,3980.70,3981.20,3980.00,3980.70,108,108,216,0.00,48.00,-4.00,2.10,14.3,-12,120,48.0000,0.2500,13.00,92.00,3991.94,-1.2380,DOWN,244.60,0.8831,1.8666
20260716 194643 027,3980.80,1,3980.50,3980.80,0.30,3980.50,3,3980.40,4,3980.30,4,3980.20,8,3980.10,7,3980.00,10,3979.90,7,3979.80,3,3979.70,16,3979.60,16,3980.80,3,3980.90,7,3981.00,7,3981.10,6,3981.20,3,3981.30,11,3981.40,10,3981.50,12,3981.60,11,3981.70,10,Buy,72,51,123,21.00,25.00,1.00,1.20,8.3,3980.70,3981.20,3980.00,3980.80,108,108,216,0.00,48.00,-4.00,2.10,14.3,-12,120,48.0000,0.1905,14.00,93.00,3991.95,-1.2348,DOWN,244.60,0.8831,1.8666
20260716 194643 027,3980.80,1,3980.50,3980.80,0.30,3980.50,3,3980.40,4,3980.30,4,3980.20,8,3980.10,7,3980.00,10,3979.90,7,3979.80,3,3979.70,16,3979.60,16,3980.80,3,3980.90,7,3981.00,7,3981.10,6,3981.20,3,3981.30,11,3981.40,10,3981.50,12,3981.60,11,3981.70,10,Buy,73,51,124,22.00,25.00,1.00,1.20,8.3,3980.70,3981.20,3980.00,3980.80,108,108,216,0.00,48.00,-4.00,2.10,14.3,-12,120,48.0000,0.1364,15.00,94.00,3991.95,-1.2348,DOWN,244.60,0.8831,1.8666
20260716 194643 817,3980.70,1,3980.50,3980.70,0.20,3980.50,1,3980.40,3,3980.30,4,3980.20,8,3980.10,7,3980.00,10,3979.90,7,3979.80,3,3979.70,16,3979.60,16,3980.70,3,3980.80,5,3980.90,7,3981.00,8,3981.10,6,3981.20,3,3981.30,11,3981.40,10,3981.50,11,3981.60,11,Buy,74,51,125,23.00,25.00,1.00,1.20,0.0,3980.70,3981.20,3980.00,3980.70,108,108,216,0.00,48.00,-4.00,2.10,14.3,-12,120,48.0000,0.0870,16.00,95.00,3991.94,-1.2380,DOWN,244.60,0.8831,1.8666
20260716 194643 817,3980.70,1,3980.50,3980.70,0.20,3980.50,1,3980.40,3,3980.30,4,3980.20,8,3980.10,7,3980.00,10,3979.90,7,3979.80,3,3979.70,16,3979.60,16,3980.70,3,3980.80,5,3980.90,7,3981.00,8,3981.10,6,3981.20,3,3981.30,11,3981.40,10,3981.50,11,3981.60,11,Buy,75,51,126,24.00,25.00,1.00,1.20,0.0,3980.70,3981.20,3980.00,3980.70,108,108,216,0.00,48.00,-4.00,2.10,14.3,-12,120,48.0000,0.0417,17.00,96.00,3991.94,-1.2380,DOWN,244.60,0.8831,1.8666
20260716 194643 817,3980.70,1,3980.50,3980.70,0.20,3980.50,1,3980.40,3,3980.30,4,3980.20,8,3980.10,7,3980.00,10,3979.90,7,3979.80,3,3979.70,16,3979.60,16,3980.70,3,3980.80,5,3980.90,7,3981.00,8,3981.10,6,3981.20,3,3981.30,11,3981.40,10,3981.50,11,3981.60,11,Buy,76,51,127,25.00,25.00,1.00,1.20,0.0,3980.70,3981.20,3980.00,3980.70,108,108,216,0.00,48.00,-4.00,2.10,14.3,-12,120,48.0000,0.0000,18.00,97.00,3991.94,-1.2380,DOWN,244.60,0.8831,1.8666
20260716 194643 817,3980.70,1,3980.50,3980.70,0.20,3980.50,1,3980.40,3,3980.30,4,3980.20,8,3980.10,7,3980.00,10,3979.90,7,3979.80,3,3979.70,16,3979.60,16,3980.70,3,3980.80,5,3980.90,7,3981.00,8,3981.10,6,3981.20,3,3981.30,11,3981.40,10,3981.50,11,3981.60,11,Buy,77,51,128,26.00,26.00,1.00,1.20,0.0,3980.70,3981.20,3980.00,3980.70,108,108,216,0.00,48.00,-4.00,2.10,14.3,-12,120,48.0000,0.0000,19.00,98.00,3991.94,-1.2380,DOWN,244.60,0.8831,1.8666
20260716 194643 817,3980.80,1,3980.50,3980.70,0.20,3980.50,1,3980.40,3,3980.30,4,3980.20,8,3980.10,7,3980.00,10,3979.90,7,3979.80,3,3979.70,16,3979.60,16,3980.70,3,3980.80,5,3980.90,7,3981.00,8,3981.10,6,3981.20,3,3981.30,11,3981.40,10,3981.50,11,3981.60,11,Buy,78,51,129,27.00,27.00,1.00,1.20,8.3,3980.70,3981.20,3980.00,3980.80,108,108,216,0.00,48.00,-4.00,2.10,14.3,-12,120,48.0000,0.0000,20.00,99.00,3991.95,-1.2348,DOWN,244.60,0.8831,1.8666
20260716 194643 817,3980.80,2,3980.50,3980.70,0.20,3980.50,1,3980.40,3,3980.30,4,3980.20,8,3980.10,7,3980.00,10,3979.90,7,3979.80,3,3979.70,16,3979.60,16,3980.70,3,3980.80,5,3980.90,7,3981.00,8,3981.10,6,3981.20,3,3981.30,11,3981.40,10,3981.50,11,3981.60,11,Buy,80,51,131,29.00,29.00,1.00,1.20,8.3,3980.70,3981.20,3980.00,3980.80,108,108,216,0.00,48.00,-4.00,2.10,14.3,-12,120,48.0000,0.0000,22.00,101.00,3991.95,-1.2348,DOWN,244.60,0.8831,1.8666
20260716 194646 908,3980.60,1,3980.50,3980.80,0.30,3980.50,5,3980.40,5,3980.30,4,3980.20,4,3980.10,3,3980.00,8,3979.90,7,3979.80,13,3979.70,16,3979.60,16,3980.80,4,3980.90,6,3981.00,6,3981.10,7,3981.20,3,3981.30,11,3981.40,10,3981.50,11,3981.60,11,3981.70,10,Buy,81,51,132,30.00,30.00,1.00,1.20,8.3,3980.70,3981.20,3980.00,3980.60,108,108,216,0.00,48.00,-4.00,2.10,14.3,-12,120,48.0000,0.0000,23.00,102.00,3991.94,-1.2412,DOWN,244.60,0.8831,1.8666
20260716 194647 708,3980.40,1,3980.40,3980.70,0.30,3980.40,2,3980.30,4,3980.20,5,3980.10,3,3980.00,8,3979.90,7,3979.80,13,3979.70,16,3979.60,16,3979.50,15,3980.70,5,3980.80,4,3980.90,8,3981.00,7,3981.10,6,3981.20,3,3981.30,11,3981.40,10,3981.50,11,3981.60,11,Sell,81,52,133,29.00,30.00,1.00,1.20,25.0,3980.70,3981.20,3980.00,3980.40,108,108,216,0.00,48.00,-4.00,2.10,14.3,-12,120,48.0000,0.0345,22.00,101.00,3991.92,-1.2475,DOWN,244.60,0.8831,1.8666
20260716 194647 708,3980.40,1,3980.40,3980.70,0.30,3980.40,2,3980.30,4,3980.20,5,3980.10,3,3980.00,8,3979.90,7,3979.80,13,3979.70,16,3979.60,16,3979.50,15,3980.70,5,3980.80,4,3980.90,8,3981.00,7,3981.10,6,3981.20,3,3981.30,11,3981.40,10,3981.50,11,3981.60,11,Sell,81,53,134,28.00,30.00,1.00,1.20,25.0,3980.70,3981.20,3980.00,3980.40,108,108,216,0.00,48.00,-4.00,2.10,14.3,-12,120,48.0000,0.0714,21.00,100.00,3991.92,-1.2475,DOWN,244.60,0.8831,1.8666
20260716 194651 649,3980.90,1,3980.90,3981.10,0.20,3980.90,1,3980.80,3,3980.70,4,3980.60,3,3980.50,5,3980.40,6,3980.30,4,3980.20,4,3980.10,13,3980.00,18,3981.10,4,3981.20,3,3981.30,6,3981.40,5,3981.50,11,3981.60,12,3981.70,10,3981.80,11,3981.90,10,3982.00,20,Sell,81,54,135,27.00,30.00,1.00,1.20,16.7,3980.70,3981.20,3980.00,3980.90,108,108,216,0.00,48.00,-4.00,2.10,14.3,-12,120,48.0000,0.1111,20.00,99.00,3991.96,-1.2317,DOWN,244.60,0.8831,1.8666
20260716 194652 545,3980.90,1,3980.90,3981.00,0.10,3980.90,2,3980.80,3,3980.70,4,3980.60,3,3980.50,5,3980.40,6,3980.30,4,3980.20,14,3980.10,13,3980.00,18,3981.10,4,3981.20,3,3981.30,6,3981.40,5,3981.50,12,3981.60,11,3981.70,10,3981.80,11,3981.90,10,3982.00,20,Sell,81,55,136,26.00,30.00,1.00,1.20,16.7,3980.70,3981.20,3980.00,3980.90,108,108,216,0.00,48.00,-4.00,2.10,14.3,-12,120,48.0000,0.1538,19.00,98.00,3991.96,-1.2317,DOWN,244.60,0.8831,1.8666
20260716 194652 817,3980.80,1,3980.80,3981.00,0.20,3980.80,1,3980.70,3,3980.60,3,3980.50,5,3980.40,5,3980.30,4,3980.20,14,3980.10,13,3980.00,18,3979.90,16,3981.00,4,3981.10,6,3981.20,3,3981.30,7,3981.40,5,3981.50,11,3981.60,11,3981.70,10,3981.80,11,3981.90,10,Sell,81,56,137,25.00,30.00,1.00,1.20,8.3,3980.70,3981.20,3980.00,3980.80,108,108,216,0.00,48.00,-4.00,2.10,14.3,-12,120,48.0000,0.2000,18.00,97.00,3991.95,-1.2348,DOWN,244.60,0.8831,1.8666
20260716 194652 817,3980.80,1,3980.80,3981.00,0.20,3980.80,1,3980.70,3,3980.60,3,3980.50,5,3980.40,5,3980.30,4,3980.20,14,3980.10,13,3980.00,18,3979.90,16,3981.00,4,3981.10,6,3981.20,3,3981.30,7,3981.40,5,3981.50,11,3981.60,11,3981.70,10,3981.80,11,3981.90,10,Sell,81,57,138,24.00,30.00,1.00,1.20,8.3,3980.70,3981.20,3980.00,3980.80,108,108,216,0.00,48.00,-4.00,2.10,14.3,-12,120,48.0000,0.2500,17.00,96.00,3991.95,-1.2348,DOWN,244.60,0.8831,1.8666
20260716 194653 172,3980.90,1,3980.80,3980.90,0.10,3980.70,3,3980.60,3,3980.50,5,3980.40,5,3980.30,4,3980.20,12,3980.10,11,3980.00,16,3979.90,14,3979.80,11,3980.90,1,3981.00,5,3981.10,6,3981.20,3,3981.30,7,3981.40,5,3981.50,11,3981.60,11,3981.70,10,3981.80,11,Buy,82,57,139,25.00,30.00,1.00,1.20,16.7,3980.70,3981.20,3980.00,3980.90,108,108,216,0.00,48.00,-4.00,2.10,14.3,-12,120,48.0000,0.2000,18.00,97.00,3991.96,-1.2317,DOWN,244.60,0.8831,1.8666
20260716 194653 173,3980.80,1,3980.80,3980.90,0.10,3980.70,3,3980.60,3,3980.50,5,3980.40,5,3980.30,4,3980.20,12,3980.10,11,3980.00,16,3979.90,14,3979.80,11,3980.90,1,3981.00,5,3981.10,6,3981.20,3,3981.30,7,3981.40,5,3981.50,11,3981.60,11,3981.70,10,3981.80,11,Sell,82,58,140,24.00,30.00,1.00,1.20,8.3,3980.70,3981.20,3980.00,3980.80,108,108,216,0.00,48.00,-4.00,2.10,14.3,-12,120,48.0000,0.2500,17.00,96.00,3991.95,-1.2348,DOWN,244.60,0.8831,1.8666
20260716 194653 935,3980.90,1,3980.70,3980.90,0.20,3980.70,3,3980.60,4,3980.50,3,3980.40,5,3980.30,4,3980.20,4,3980.10,3,3980.00,16,3979.90,14,3979.80,11,3980.90,1,3981.00,4,3981.10,5,3981.20,3,3981.30,6,3981.40,5,3981.50,11,3981.60,12,3981.70,10,3981.80,11,Buy,83,58,141,25.00,30.00,1.00,1.20,16.7,3980.70,3981.20,3980.00,3980.90,108,108,216,0.00,48.00,-4.00,2.10,14.3,-12,120,48.0000,0.2000,18.00,97.00,3991.96,-1.2317,DOWN,244.60,0.8831,1.8666
20260716 194653 935,3980.90,1,3980.70,3980.90,0.20,3980.70,3,3980.60,4,3980.50,3,3980.40,5,3980.30,4,3980.20,4,3980.10,3,3980.00,16,3979.90,14,3979.80,11,3980.90,1,3981.00,4,3981.10,5,3981.20,3,3981.30,6,3981.40,5,3981.50,11,3981.60,12,3981.70,10,3981.80,11,Buy,84,58,142,26.00,30.00,1.00,1.20,16.7,3980.70,3981.20,3980.00,3980.90,108,108,216,0.00,48.00,-4.00,2.10,14.3,-12,120,48.0000,0.1538,19.00,98.00,3991.96,-1.2317,DOWN,244.60,0.8831,1.8666
20260716 194653 935,3980.90,1,3980.70,3980.90,0.20,3980.70,3,3980.60,4,3980.50,3,3980.40,5,3980.30,4,3980.20,4,3980.10,3,3980.00,16,3979.90,14,3979.80,11,3980.90,1,3981.00,4,3981.10,5,3981.20,3,3981.30,6,3981.40,5,3981.50,11,3981.60,12,3981.70,10,3981.80,11,Buy,85,58,143,27.00,30.00,1.00,1.20,16.7,3980.70,3981.20,3980.00,3980.90,108,108,216,0.00,48.00,-4.00,2.10,14.3,-12,120,48.0000,0.1111,20.00,99.00,3991.96,-1.2317,DOWN,244.60,0.8831,1.8666
20260716 194653 935,3980.90,1,3980.70,3980.90,0.20,3980.70,3,3980.60,4,3980.50,3,3980.40,5,3980.30,4,3980.20,4,3980.10,3,3980.00,16,3979.90,14,3979.80,11,3980.90,1,3981.00,4,3981.10,5,3981.20,3,3981.30,6,3981.40,5,3981.50,11,3981.60,12,3981.70,10,3981.80,11,Buy,86,58,144,28.00,30.00,1.00,1.20,16.7,3980.70,3981.20,3980.00,3980.90,108,108,216,0.00,48.00,-4.00,2.10,14.3,-12,120,48.0000,0.0714,21.00,100.00,3991.96,-1.2317,DOWN,244.60,0.8831,1.8666
20260716 194654 651,3981.00,1,3980.80,3981.00,0.20,3980.80,1,3980.70,2,3980.60,4,3980.50,3,3980.40,5,3980.30,4,3980.20,4,3980.10,3,3980.00,16,3979.90,14,3981.00,2,3981.10,5,3981.20,3,3981.30,6,3981.40,5,3981.50,12,3981.60,11,3981.70,10,3981.80,11,3981.90,10,Buy,87,58,145,29.00,30.00,1.00,1.20,25.0,3980.70,3981.20,3980.00,3981.00,108,108,216,0.00,48.00,-4.00,2.10,14.3,-12,120,48.0000,0.0345,22.00,101.00,3991.97,-1.2285,DOWN,244.60,0.8831,1.8666
20260716 194654 942,3981.00,1,3980.80,3981.00,0.20,3980.80,2,3980.70,3,3980.60,4,3980.50,4,3980.40,5,3980.30,4,3980.20,4,3980.10,3,3980.00,16,3979.90,14,3981.00,2,3981.10,5,3981.20,3,3981.30,6,3981.40,5,3981.50,11,3981.60,12,3981.70,10,3981.80,11,3981.90,10,Buy,88,58,146,30.00,30.00,1.00,1.20,25.0,3980.70,3981.20,3980.00,3981.00,108,108,216,0.00,48.00,-4.00,2.10,14.3,-12,120,48.0000,0.0000,23.00,102.00,3991.97,-1.2285,DOWN,244.60,0.8831,1.8666
20260716 194654 942,3981.00,1,3980.80,3981.00,0.20,3980.80,2,3980.70,3,3980.60,4,3980.50,4,3980.40,5,3980.30,4,3980.20,4,3980.10,3,3980.00,16,3979.90,14,3981.00,2,3981.10,5,3981.20,3,3981.30,6,3981.40,5,3981.50,11,3981.60,12,3981.70,10,3981.80,11,3981.90,10,Buy,89,58,147,31.00,31.00,1.00,1.20,25.0,3980.70,3981.20,3980.00,3981.00,108,108,216,0.00,48.00,-4.00,2.10,14.3,-12,120,48.0000,0.0000,24.00,103.00,3991.97,-1.2285,DOWN,244.60,0.8831,1.8666
20260716 194654 942,3981.10,1,3980.80,3981.00,0.20,3980.80,2,3980.70,3,3980.60,4,3980.50,4,3980.40,5,3980.30,4,3980.20,4,3980.10,3,3980.00,16,3979.90,14,3981.00,2,3981.10,5,3981.20,3,3981.30,6,3981.40,5,3981.50,11,3981.60,12,3981.70,10,3981.80,11,3981.90,10,Buy,90,58,148,32.00,32.00,1.00,1.20,33.3,3980.70,3981.20,3980.00,3981.10,108,108,216,0.00,48.00,-4.00,2.10,14.3,-12,120,48.0000,0.0000,25.00,104.00,3991.98,-1.2253,DOWN,244.60,0.8831,1.8666
20260716 194654 942,3981.10,1,3980.80,3981.00,0.20,3980.80,2,3980.70,3,3980.60,4,3980.50,4,3980.40,5,3980.30,4,3980.20,4,3980.10,3,3980.00,16,3979.90,14,3981.00,2,3981.10,5,3981.20,3,3981.30,6,3981.40,5,3981.50,11,3981.60,12,3981.70,10,3981.80,11,3981.90,10,Buy,91,58,149,33.00,33.00,1.00,1.20,33.3,3980.70,3981.20,3980.00,3981.10,108,108,216,0.00,48.00,-4.00,2.10,14.3,-12,120,48.0000,0.0000,26.00,105.00,3991.98,-1.2253,DOWN,244.60,0.8831,1.8666
20260716 194657 858,3980.70,1,3980.70,3980.90,0.20,3980.70,1,3980.60,3,3980.50,4,3980.40,5,3980.30,4,3980.20,4,3980.10,3,3980.00,16,3979.90,14,3979.80,11,3980.90,1,3981.00,4,3981.10,5,3981.20,3,3981.30,7,3981.40,5,3981.50,11,3981.60,11,3981.70,10,3981.80,11,Sell,91,59,150,32.00,33.00,1.00,1.20,0.0,3980.70,3981.20,3980.00,3980.70,108,108,216,0.00,48.00,-4.00,2.10,14.3,-12,120,48.0000,0.0313,25.00,104.00,3991.94,-1.2380,DOWN,244.60,0.8831,1.8666
20260716 194700 026,3981.10,1,3981.10,3981.30,0.20,3981.10,2,3981.00,4,3980.90,4,3980.80,2,3980.70,2,3980.60,2,3980.50,3,3980.40,5,3980.30,12,3980.20,12,3981.30,2,3981.40,4,3981.50,5,3981.60,6,3981.70,5,3981.80,12,3981.90,10,3982.00,18,3982.10,11,3982.20,13,Buy,1,0,1,1.00,1.00,1.00,0.00,0.0,3981.10,3981.10,3981.10,3981.10,91,59,150,32.00,33.00,1.00,1.20,0.0,57,162,0.0313,0.0000,-17.00,148.00,3991.98,-1.2253,DOWN,245.45,0.6111,1.7619
20260716 194700 026,3981.10,1,3981.10,3981.30,0.20,3981.10,2,3981.00,4,3980.90,4,3980.80,2,3980.70,2,3980.60,2,3980.50,3,3980.40,5,3980.30,12,3980.20,12,3981.30,2,3981.40,4,3981.50,5,3981.60,6,3981.70,5,3981.80,12,3981.90,10,3982.00,18,3982.10,11,3982.20,13,Buy,2,0,2,2.00,2.00,1.00,0.00,0.0,3981.10,3981.10,3981.10,3981.10,91,59,150,32.00,33.00,1.00,1.20,0.0,57,162,0.0313,0.0000,-16.00,149.00,3991.98,-1.2253,DOWN,245.45,0.6111,1.7619
20260716 194700 050,3981.30,1,3981.10,3981.30,0.20,3981.10,2,3981.00,4,3980.90,4,3980.80,2,3980.70,2,3980.60,2,3980.50,3,3980.40,5,3980.30,12,3980.20,12,3981.30,2,3981.40,4,3981.50,5,3981.60,6,3981.70,5,3981.80,12,3981.90,10,3982.00,18,3982.10,11,3982.20,13,Buy,3,0,3,3.00,3.00,1.00,0.20,100.0,3981.10,3981.30,3981.10,3981.30,91,59,150,32.00,33.00,1.00,1.20,0.0,57,162,0.0313,0.0000,-15.00,150.00,3992.00,-1.2190,DOWN,245.45,0.6111,1.7762
20260716 194700 050,3981.30,1,3981.10,3981.30,0.20,3981.10,2,3981.00,4,3980.90,4,3980.80,2,3980.70,2,3980.60,2,3980.50,3,3980.40,5,3980.30,12,3980.20,12,3981.30,2,3981.40,4,3981.50,5,3981.60,6,3981.70,5,3981.80,12,3981.90,10,3982.00,18,3982.10,11,3982.20,13,Buy,4,0,4,4.00,4.00,1.00,0.20,100.0,3981.10,3981.30,3981.10,3981.30,91,59,150,32.00,33.00,1.00,1.20,0.0,57,162,0.0313,0.0000,-14.00,151.00,3992.00,-1.2190,DOWN,245.45,0.6111,1.7762
20260716 194701 115,3981.10,1,3981.00,3981.20,0.20,3981.00,5,3980.90,7,3980.80,4,3980.70,5,3980.60,3,3980.50,4,3980.40,5,3980.30,12,3980.20,11,3980.10,10,3981.20,2,3981.30,4,3981.40,4,3981.50,5,3981.60,6,3981.70,7,3981.80,11,3981.90,10,3982.00,18,3982.10,11,Sell,4,1,5,3.00,4.00,1.00,0.20,0.0,3981.10,3981.30,3981.10,3981.10,91,59,150,32.00,33.00,1.00,1.20,0.0,57,162,0.0313,0.3333,-15.00,150.00,3991.98,-1.2253,DOWN,245.45,0.6111,1.7762
20260716 194701 115,3981.10,1,3981.00,3981.20,0.20,3981.00,5,3980.90,7,3980.80,4,3980.70,5,3980.60,3,3980.50,4,3980.40,5,3980.30,12,3980.20,11,3980.10,10,3981.20,2,3981.30,4,3981.40,4,3981.50,5,3981.60,6,3981.70,7,3981.80,11,3981.90,10,3982.00,18,3982.10,11,Sell,4,2,6,2.00,4.00,1.00,0.20,0.0,3981.10,3981.30,3981.10,3981.10,91,59,150,32.00,33.00,1.00,1.20,0.0,57,162,0.0313,1.0000,-16.00,149.00,3991.98,-1.2253,DOWN,245.45,0.6111,1.7762
20260716 194701 116,3981.10,1,3981.00,3981.20,0.20,3981.00,5,3980.90,7,3980.80,4,3980.70,5,3980.60,3,3980.50,4,3980.40,5,3980.30,12,3980.20,11,3980.10,10,3981.20,2,3981.30,4,3981.40,4,3981.50,5,3981.60,6,3981.70,7,3981.80,11,3981.90,10,3982.00,18,3982.10,11,Buy,5,2,7,3.00,4.00,1.00,0.20,0.0,3981.10,3981.30,3981.10,3981.10,91,59,150,32.00,33.00,1.00,1.20,0.0,57,162,0.0313,0.3333,-15.00,150.00,3991.98,-1.2253,DOWN,245.45,0.6111,1.7762
20260716 194701 195,3981.10,1,3981.00,3981.20,0.20,3981.00,2,3980.90,6,3980.80,4,3980.70,5,3980.60,5,3980.50,4,3980.40,5,3980.30,12,3980.20,11,3980.10,10,3981.20,3,3981.30,4,3981.40,4,3981.50,6,3981.60,6,3981.70,6,3981.80,15,3981.90,14,3982.00,22,3982.10,15,Sell,5,3,8,2.00,4.00,1.00,0.20,0.0,3981.10,3981.30,3981.10,3981.10,91,59,150,32.00,33.00,1.00,1.20,0.0,57,162,0.0313,1.0000,-16.00,149.00,3991.98,-1.2253,DOWN,245.45,0.6111,1.7762
20260716 194701 379,3981.00,1,3980.90,3981.10,0.20,3980.90,3,3980.80,3,3980.70,5,3980.60,5,3980.50,6,3980.40,5,3980.30,4,3980.20,11,3980.10,10,3980.00,15,3981.10,2,3981.20,3,3981.30,3,3981.40,5,3981.50,7,3981.60,6,3981.70,6,3981.80,15,3981.90,14,3982.00,22,Sell,5,4,9,1.00,4.00,1.00,0.30,33.3,3981.10,3981.30,3981.00,3981.00,91,59,150,32.00,33.00,1.00,1.20,0.0,57,162,0.0313,3.0000,-17.00,148.00,3991.97,-1.2285,DOWN,245.45,0.6111,1.7762
20260716 194701 379,3980.90,1,3980.90,3981.10,0.20,3980.90,3,3980.80,3,3980.70,5,3980.60,5,3980.50,6,3980.40,5,3980.30,4,3980.20,11,3980.10,10,3980.00,15,3981.10,2,3981.20,3,3981.30,3,3981.40,5,3981.50,7,3981.60,6,3981.70,6,3981.80,15,3981.90,14,3982.00,22,Sell,5,5,10,0.00,4.00,0.00,0.40,50.0,3981.10,3981.30,3980.90,3980.90,91,59,150,32.00,33.00,1.00,1.20,0.0,57,162,0.0313,4.0000,-18.00,147.00,3991.96,-1.2317,DOWN,245.45,0.6111,1.7762
20260716 194701 379,3980.90,1,3980.90,3981.10,0.20,3980.90,3,3980.80,3,3980.70,5,3980.60,5,3980.50,6,3980.40,5,3980.30,4,3980.20,11,3980.10,10,3980.00,15,3981.10,2,3981.20,3,3981.30,3,3981.40,5,3981.50,7,3981.60,6,3981.70,6,3981.80,15,3981.90,14,3982.00,22,Sell,5,6,11,-1.00,4.00,-1.00,0.40,50.0,3981.10,3981.30,3980.90,3980.90,91,59,150,32.00,33.00,1.00,1.20,0.0,57,162,0.0313,0.0000,-19.00,146.00,3991.96,-1.2317,DOWN,245.45,0.6111,1.7762
20260716 194701 379,3980.90,1,3980.90,3981.10,0.20,3980.90,3,3980.80,3,3980.70,5,3980.60,5,3980.50,6,3980.40,5,3980.30,4,3980.20,11,3980.10,10,3980.00,15,3981.10,2,3981.20,3,3981.30,3,3981.40,5,3981.50,7,3981.60,6,3981.70,6,3981.80,15,3981.90,14,3982.00,22,Sell,5,7,12,-2.00,4.00,-2.00,0.40,50.0,3981.10,3981.30,3980.90,3980.90,91,59,150,32.00,33.00,1.00,1.20,0.0,57,162,0.0313,0.0000,-20.00,145.00,3991.96,-1.2317,DOWN,245.45,0.6111,1.7762
20260716 194701 379,3980.90,2,3980.90,3981.10,0.20,3980.90,3,3980.80,3,3980.70,5,3980.60,5,3980.50,6,3980.40,5,3980.30,4,3980.20,11,3980.10,10,3980.00,15,3981.10,2,3981.20,3,3981.30,3,3981.40,5,3981.50,7,3981.60,6,3981.70,6,3981.80,15,3981.90,14,3982.00,22,Sell,5,9,14,-4.00,4.00,-4.00,0.40,50.0,3981.10,3981.30,3980.90,3980.90,91,59,150,32.00,33.00,1.00,1.20,0.0,57,162,0.0313,0.0000,-22.00,143.00,3991.96,-1.2317,DOWN,245.45,0.6111,1.7762
20260716 194701 383,3981.00,1,3980.90,3981.10,0.20,3980.90,3,3980.80,3,3980.70,5,3980.60,5,3980.50,6,3980.40,5,3980.30,4,3980.20,11,3980.10,10,3980.00,15,3981.10,2,3981.20,3,3981.30,3,3981.40,5,3981.50,7,3981.60,6,3981.70,6,3981.80,15,3981.90,14,3982.00,22,Sell,5,10,15,-5.00,4.00,-5.00,0.40,25.0,3981.10,3981.30,3980.90,3981.00,91,59,150,32.00,33.00,1.00,1.20,0.0,57,162,0.0313,0.0000,-23.00,142.00,3991.97,-1.2285,DOWN,245.45,0.6111,1.7762
20260716 194704 229,3981.30,1,3981.10,3981.30,0.20,3981.10,2,3981.00,4,3980.90,6,3980.80,4,3980.70,5,3980.60,5,3980.50,6,3980.40,5,3980.30,12,3980.20,11,3981.30,2,3981.40,3,3981.50,6,3981.60,6,3981.70,6,3981.80,17,3981.90,14,3982.00,22,3982.10,15,3982.20,17,Buy,6,10,16,-4.00,4.00,-5.00,0.40,50.0,3981.10,3981.30,3980.90,3981.30,91,59,150,32.00,33.00,1.00,1.20,0.0,57,162,0.0313,0.2500,-22.00,143.00,3992.00,-1.2190,DOWN,245.45,0.6111,1.7762
20260716 194704 820,3981.10,1,3980.80,3981.00,0.20,3980.80,3,3980.70,5,3980.60,5,3980.50,6,3980.40,7,3980.30,4,3980.20,11,3980.10,10,3980.00,15,3979.90,15,3981.00,2,3981.10,4,3981.20,2,3981.30,2,3981.40,4,3981.50,6,3981.60,6,3981.70,6,3981.80,16,3981.90,14,Sell,6,11,17,-5.00,4.00,-5.00,0.40,0.0,3981.10,3981.30,3980.90,3981.10,91,59,150,32.00,33.00,1.00,1.20,0.0,57,162,0.0313,0.0000,-23.00,142.00,3991.98,-1.2253,DOWN,245.45,0.6111,1.7762
20260716 194705 677,3981.00,1,3980.80,3981.00,0.20,3980.80,3,3980.70,5,3980.60,5,3980.50,6,3980.40,7,3980.30,4,3980.20,11,3980.10,10,3980.00,15,3979.90,15,3981.00,2,3981.10,4,3981.20,2,3981.30,4,3981.40,5,3981.50,5,3981.60,6,3981.70,6,3981.80,16,3981.90,14,Buy,7,11,18,-4.00,4.00,-5.00,0.40,25.0,3981.10,3981.30,3980.90,3981.00,91,59,150,32.00,33.00,1.00,1.20,0.0,57,162,0.0313,0.2500,-22.00,143.00,3991.97,-1.2285,DOWN,245.45,0.6111,1.7762
20260716 194705 677,3981.00,1,3980.80,3981.00,0.20,3980.80,3,3980.70,5,3980.60,5,3980.50,6,3980.40,7,3980.30,4,3980.20,11,3980.10,10,3980.00,15,3979.90,15,3981.00,2,3981.10,4,3981.20,2,3981.30,4,3981.40,5,3981.50,5,3981.60,6,3981.70,6,3981.80,16,3981.90,14,Buy,8,11,19,-3.00,4.00,-5.00,0.40,25.0,3981.10,3981.30,3980.90,3981.00,91,59,150,32.00,33.00,1.00,1.20,0.0,57,162,0.0313,0.6667,-21.00,144.00,3991.97,-1.2285,DOWN,245.45,0.6111,1.7762
20260716 194705 677,3981.10,1,3980.80,3981.00,0.20,3980.80,3,3980.70,5,3980.60,5,3980.50,6,3980.40,7,3980.30,4,3980.20,11,3980.10,10,3980.00,15,3979.90,15,3981.00,2,3981.10,4,3981.20,2,3981.30,4,3981.40,5,3981.50,5,3981.60,6,3981.70,6,3981.80,16,3981.90,14,Buy,9,11,20,-2.00,4.00,-5.00,0.40,0.0,3981.10,3981.30,3980.90,3981.10,91,59,150,32.00,33.00,1.00,1.20,0.0,57,162,0.0313,1.5000,-20.00,145.00,3991.98,-1.2253,DOWN,245.45,0.6111,1.7762
20260716 194705 677,3981.10,1,3980.80,3981.00,0.20,3980.80,3,3980.70,5,3980.60,5,3980.50,6,3980.40,7,3980.30,4,3980.20,11,3980.10,10,3980.00,15,3979.90,15,3981.00,2,3981.10,4,3981.20,2,3981.30,4,3981.40,5,3981.50,5,3981.60,6,3981.70,6,3981.80,16,3981.90,14,Buy,10,11,21,-1.00,4.00,-5.00,0.40,0.0,3981.10,3981.30,3980.90,3981.10,91,59,150,32.00,33.00,1.00,1.20,0.0,57,162,0.0313,4.0000,-19.00,146.00,3991.98,-1.2253,DOWN,245.45,0.6111,1.7762
20260716 194705 677,3981.10,1,3980.80,3981.00,0.20,3980.80,3,3980.70,5,3980.60,5,3980.50,6,3980.40,7,3980.30,4,3980.20,11,3980.10,10,3980.00,15,3979.90,15,3981.00,2,3981.10,4,3981.20,2,3981.30,4,3981.40,5,3981.50,5,3981.60,6,3981.70,6,3981.80,16,3981.90,14,Buy,11,11,22,0.00,4.00,-5.00,0.40,0.0,3981.10,3981.30,3980.90,3981.10,91,59,150,32.00,33.00,1.00,1.20,0.0,57,162,0.0313,4.0000,-18.00,147.00,3991.98,-1.2253,DOWN,245.45,0.6111,1.7762
20260716 194708 033,3981.00,1,3979.80,3980.10,0.30,3979.80,2,3979.70,6,3979.60,5,3979.50,5,3979.40,14,3979.30,14,3979.20,14,3979.10,15,3979.00,13,3978.90,14,3980.10,4,3980.20,10,3980.30,6,3980.40,7,3980.50,3,3980.60,6,3980.70,7,3980.80,5,3980.90,4,3981.00,5,Sell,11,12,23,-1.00,4.00,-5.00,0.40,25.0,3981.10,3981.30,3980.90,3981.00,91,59,150,32.00,33.00,1.00,1.20,0.0,57,162,0.0313,4.0000,-19.00,146.00,3991.97,-1.2285,DOWN,245.45,0.6111,1.7762
20260716 194708 033,3981.00,1,3979.80,3980.10,0.30,3979.80,2,3979.70,6,3979.60,5,3979.50,5,3979.40,14,3979.30,14,3979.20,14,3979.10,15,3979.00,13,3978.90,14,3980.10,4,3980.20,10,3980.30,6,3980.40,7,3980.50,3,3980.60,6,3980.70,7,3980.80,5,3980.90,4,3981.00,5,Sell,11,13,24,-2.00,4.00,-5.00,0.40,25.0,3981.10,3981.30,3980.90,3981.00,91,59,150,32.00,33.00,1.00,1.20,0.0,57,162,0.0313,1.5000,-20.00,145.00,3991.97,-1.2285,DOWN,245.45,0.6111,1.7762
20260716 194708 033,3980.90,1,3979.80,3980.10,0.30,3979.80,2,3979.70,6,3979.60,5,3979.50,5,3979.40,14,3979.30,14,3979.20,14,3979.10,15,3979.00,13,3978.90,14,3980.10,4,3980.20,10,3980.30,6,3980.40,7,3980.50,3,3980.60,6,3980.70,7,3980.80,5,3980.90,4,3981.00,5,Sell,11,14,25,-3.00,4.00,-5.00,0.40,50.0,3981.10,3981.30,3980.90,3980.90,91,59,150,32.00,33.00,1.00,1.20,0.0,57,162,0.0313,0.6667,-21.00,144.00,3991.96,-1.2317,DOWN,245.45,0.6111,1.7762
20260716 194708 033,3980.90,1,3979.80,3980.10,0.30,3979.80,2,3979.70,6,3979.60,5,3979.50,5,3979.40,14,3979.30,14,3979.20,14,3979.10,15,3979.00,13,3978.90,14,3980.10,4,3980.20,10,3980.30,6,3980.40,7,3980.50,3,3980.60,6,3980.70,7,3980.80,5,3980.90,4,3981.00,5,Sell,11,15,26,-4.00,4.00,-5.00,0.40,50.0,3981.10,3981.30,3980.90,3980.90,91,59,150,32.00,33.00,1.00,1.20,0.0,57,162,0.0313,0.2500,-22.00,143.00,3991.96,-1.2317,DOWN,245.45,0.6111,1.7762
20260716 194708 033,3980.90,1,3979.80,3980.10,0.30,3979.80,2,3979.70,6,3979.60,5,3979.50,5,3979.40,14,3979.30,14,3979.20,14,3979.10,15,3979.00,13,3978.90,14,3980.10,4,3980.20,10,3980.30,6,3980.40,7,3980.50,3,3980.60,6,3980.70,7,3980.80,5,3980.90,4,3981.00,5,Sell,11,16,27,-5.00,4.00,-5.00,0.40,50.0,3981.10,3981.30,3980.90,3980.90,91,59,150,32.00,33.00,1.00,1.20,0.0,57,162,0.0313,0.0000,-23.00,142.00,3991.96,-1.2317,DOWN,245.45,0.6111,1.7762
20260716 194708 033,3980.90,1,3979.80,3980.10,0.30,3979.80,2,3979.70,6,3979.60,5,3979.50,5,3979.40,14,3979.30,14,3979.20,14,3979.10,15,3979.00,13,3978.90,14,3980.10,4,3980.20,10,3980.30,6,3980.40,7,3980.50,3,3980.60,6,3980.70,7,3980.80,5,3980.90,4,3981.00,5,Sell,11,17,28,-6.00,4.00,-6.00,0.40,50.0,3981.10,3981.30,3980.90,3980.90,91,59,150,32.00,33.00,1.00,1.20,0.0,57,162,0.0313,0.0000,-24.00,141.00,3991.96,-1.2317,DOWN,245.45,0.6111,1.7762
20260716 194708 033,3980.80,1,3979.80,3980.10,0.30,3979.80,2,3979.70,6,3979.60,5,3979.50,5,3979.40,14,3979.30,14,3979.20,14,3979.10,15,3979.00,13,3978.90,14,3980.10,4,3980.20,10,3980.30,6,3980.40,7,3980.50,3,3980.60,6,3980.70,7,3980.80,5,3980.90,4,3981.00,5,Sell,11,18,29,-7.00,4.00,-7.00,0.50,60.0,3981.10,3981.30,3980.80,3980.80,91,59,150,32.00,33.00,1.00,1.20,0.0,57,162,0.0313,0.0000,-25.00,140.00,3991.95,-1.2348,DOWN,245.45,0.6111,1.7762
20260716 194708 033,3980.80,1,3979.80,3980.10,0.30,3979.80,2,3979.70,6,3979.60,5,3979.50,5,3979.40,14,3979.30,14,3979.20,14,3979.10,15,3979.00,13,3978.90,14,3980.10,4,3980.20,10,3980.30,6,3980.40,7,3980.50,3,3980.60,6,3980.70,7,3980.80,5,3980.90,4,3981.00,5,Sell,11,19,30,-8.00,4.00,-8.00,0.50,60.0,3981.10,3981.30,3980.80,3980.80,91,59,150,32.00,33.00,1.00,1.20,0.0,57,162,0.0313,0.0000,-26.00,139.00,3991.95,-1.2348,DOWN,245.45,0.6111,1.7762
20260716 194708 033,3980.80,1,3979.80,3980.10,0.30,3979.80,2,3979.70,6,3979.60,5,3979.50,5,3979.40,14,3979.30,14,3979.20,14,3979.10,15,3979.00,13,3978.90,14,3980.10,4,3980.20,10,3980.30,6,3980.40,7,3980.50,3,3980.60,6,3980.70,7,3980.80,5,3980.90,4,3981.00,5,Sell,11,20,31,-9.00,4.00,-9.00,0.50,60.0,3981.10,3981.30,3980.80,3980.80,91,59,150,32.00,33.00,1.00,1.20,0.0,57,162,0.0313,0.0000,-27.00,138.00,3991.95,-1.2348,DOWN,245.45,0.6111,1.7762
20260716 194708 033,3980.80,1,3979.80,3980.10,0.30,3979.80,2,3979.70,6,3979.60,5,3979.50,5,3979.40,14,3979.30,14,3979.20,14,3979.10,15,3979.00,13,3978.90,14,3980.10,4,3980.20,10,3980.30,6,3980.40,7,3980.50,3,3980.60,6,3980.70,7,3980.80,5,3980.90,4,3981.00,5,Sell,11,21,32,-10.00,4.00,-10.00,0.50,60.0,3981.10,3981.30,3980.80,3980.80,91,59,150,32.00,33.00,1.00,1.20,0.0,57,162,0.0313,0.0000,-28.00,137.00,3991.95,-1.2348,DOWN,245.45,0.6111,1.7762
20260716 194708 038,3980.20,1,3978.80,3978.90,0.10,3978.80,4,3978.70,1,3978.60,7,3978.50,7,3978.40,7,3978.30,9,3978.20,5,3978.10,3,3978.00,7,3977.90,10,3978.90,2,3979.00,3,3979.10,6,3979.20,8,3979.30,8,3979.40,8,3979.50,4,3979.60,3,3979.70,4,3979.80,5,Sell,11,22,33,-11.00,4.00,-11.00,1.10,81.8,3981.10,3981.30,3980.20,3980.20,91,59,150,32.00,33.00,1.00,1.20,0.0,57,162,0.0313,0.0000,-29.00,136.00,3991.90,-1.2539,DOWN,245.45,0.6111,1.8119
20260716 194708 038,3980.20,1,3978.80,3978.90,0.10,3978.80,4,3978.70,1,3978.60,7,3978.50,7,3978.40,7,3978.30,9,3978.20,5,3978.10,3,3978.00,7,3977.90,10,3978.90,2,3979.00,3,3979.10,6,3979.20,8,3979.30,8,3979.40,8,3979.50,4,3979.60,3,3979.70,4,3979.80,5,Sell,11,23,34,-12.00,4.00,-12.00,1.10,81.8,3981.10,3981.30,3980.20,3980.20,91,59,150,32.00,33.00,1.00,1.20,0.0,57,162,0.0313,0.0000,-30.00,135.00,3991.90,-1.2539,DOWN,245.45,0.6111,1.8119
20260716 194708 038,3980.20,1,3978.80,3978.90,0.10,3978.80,4,3978.70,1,3978.60,7,3978.50,7,3978.40,7,3978.30,9,3978.20,5,3978.10,3,3978.00,7,3977.90,10,3978.90,2,3979.00,3,3979.10,6,3979.20,8,3979.30,8,3979.40,8,3979.50,4,3979.60,3,3979.70,4,3979.80,5,Sell,11,24,35,-13.00,4.00,-13.00,1.10,81.8,3981.10,3981.30,3980.20,3980.20,91,59,150,32.00,33.00,1.00,1.20,0.0,57,162,0.0313,0.0000,-31.00,134.00,3991.90,-1.2539,DOWN,245.45,0.6111,1.8119
20260716 194708 038,3980.10,1,3978.80,3978.90,0.10,3978.80,4,3978.70,1,3978.60,7,3978.50,7,3978.40,7,3978.30,9,3978.20,5,3978.10,3,3978.00,7,3977.90,10,3978.90,2,3979.00,3,3979.10,6,3979.20,8,3979.30,8,3979.40,8,3979.50,4,3979.60,3,3979.70,4,3979.80,5,Sell,11,25,36,-14.00,4.00,-14.00,1.20,83.3,3981.10,3981.30,3980.10,3980.10,91,59,150,32.00,33.00,1.00,1.20,0.0,57,162,0.0313,0.0000,-32.00,133.00,3991.89,-1.2570,DOWN,245.45,0.6111,1.8190
20260716 194708 038,3980.10,1,3978.80,3978.90,0.10,3978.80,4,3978.70,1,3978.60,7,3978.50,7,3978.40,7,3978.30,9,3978.20,5,3978.10,3,3978.00,7,3977.90,10,3978.90,2,3979.00,3,3979.10,6,3979.20,8,3979.30,8,3979.40,8,3979.50,4,3979.60,3,3979.70,4,3979.80,5,Sell,11,26,37,-15.00,4.00,-15.00,1.20,83.3,3981.10,3981.30,3980.10,3980.10,91,59,150,32.00,33.00,1.00,1.20,0.0,57,162,0.0313,0.0000,-33.00,132.00,3991.89,-1.2570,DOWN,245.45,0.6111,1.8190
20260716 194708 040,3980.00,1,3978.80,3978.90,0.10,3978.80,4,3978.70,1,3978.60,7,3978.50,7,3978.40,7,3978.30,9,3978.20,5,3978.10,3,3978.00,7,3977.90,10,3978.90,2,3979.00,3,3979.10,6,3979.20,8,3979.30,8,3979.40,8,3979.50,4,3979.60,3,3979.70,4,3979.80,5,Sell,11,27,38,-16.00,4.00,-16.00,1.30,84.6,3981.10,3981.30,3980.00,3980.00,91,59,150,32.00,33.00,1.00,1.20,0.0,57,162,0.0313,0.0000,-34.00,131.00,3991.88,-1.2602,DOWN,245.45,0.6111,1.8262
20260716 194708 040,3980.00,1,3978.80,3978.90,0.10,3978.80,4,3978.70,1,3978.60,7,3978.50,7,3978.40,7,3978.30,9,3978.20,5,3978.10,3,3978.00,7,3977.90,10,3978.90,2,3979.00,3,3979.10,6,3979.20,8,3979.30,8,3979.40,8,3979.50,4,3979.60,3,3979.70,4,3979.80,5,Sell,11,28,39,-17.00,4.00,-17.00,1.30,84.6,3981.10,3981.30,3980.00,3980.00,91,59,150,32.00,33.00,1.00,1.20,0.0,57,162,0.0313,0.0000,-35.00,130.00,3991.88,-1.2602,DOWN,245.45,0.6111,1.8262
20260716 194708 040,3980.00,1,3978.80,3978.90,0.10,3978.80,4,3978.70,1,3978.60,7,3978.50,7,3978.40,7,3978.30,9,3978.20,5,3978.10,3,3978.00,7,3977.90,10,3978.90,2,3979.00,3,3979.10,6,3979.20,8,3979.30,8,3979.40,8,3979.50,4,3979.60,3,3979.70,4,3979.80,5,Sell,11,29,40,-18.00,4.00,-18.00,1.30,84.6,3981.10,3981.30,3980.00,3980.00,91,59,150,32.00,33.00,1.00,1.20,0.0,57,162,0.0313,0.0000,-36.00,129.00,3991.88,-1.2602,DOWN,245.45,0.6111,1.8262
20260716 194708 040,3980.00,2,3978.80,3978.90,0.10,3978.80,4,3978.70,1,3978.60,7,3978.50,7,3978.40,7,3978.30,9,3978.20,5,3978.10,3,3978.00,7,3977.90,10,3978.90,2,3979.00,3,3979.10,6,3979.20,8,3979.30,8,3979.40,8,3979.50,4,3979.60,3,3979.70,4,3979.80,5,Sell,11,31,42,-20.00,4.00,-20.00,1.30,84.6,3981.10,3981.30,3980.00,3980.00,91,59,150,32.00,33.00,1.00,1.20,0.0,57,162,0.0313,0.0000,-38.00,127.00,3991.88,-1.2602,DOWN,245.45,0.6111,1.8262
20260716 194708 043,3980.00,1,3978.80,3978.90,0.10,3978.80,4,3978.70,1,3978.60,7,3978.50,7,3978.40,7,3978.30,9,3978.20,5,3978.10,3,3978.00,7,3977.90,10,3978.90,2,3979.00,3,3979.10,6,3979.20,8,3979.30,8,3979.40,8,3979.50,4,3979.60,3,3979.70,4,3979.80,5,Sell,11,32,43,-21.00,4.00,-21.00,1.30,84.6,3981.10,3981.30,3980.00,3980.00,91,59,150,32.00,33.00,1.00,1.20,0.0,57,162,0.0313,0.0000,-39.00,126.00,3991.88,-1.2602,DOWN,245.45,0.6111,1.8262
20260716 194708 043,3980.10,1,3978.80,3978.90,0.10,3978.80,4,3978.70,1,3978.60,7,3978.50,7,3978.40,7,3978.30,9,3978.20,5,3978.10,3,3978.00,7,3977.90,10,3978.90,2,3979.00,3,3979.10,6,3979.20,8,3979.30,8,3979.40,8,3979.50,4,3979.60,3,3979.70,4,3979.80,5,Buy,12,32,44,-20.00,4.00,-21.00,1.30,76.9,3981.10,3981.30,3980.00,3980.10,91,59,150,32.00,33.00,1.00,1.20,0.0,57,162,0.0313,0.0500,-38.00,127.00,3991.89,-1.2570,DOWN,245.45,0.6111,1.8262
20260716 194708 043,3979.90,1,3978.80,3978.90,0.10,3978.80,4,3978.70,1,3978.60,7,3978.50,7,3978.40,7,3978.30,9,3978.20,5,3978.10,3,3978.00,7,3977.90,10,3978.90,2,3979.00,3,3979.10,6,3979.20,8,3979.30,8,3979.40,8,3979.50,4,3979.60,3,3979.70,4,3979.80,5,Sell,12,33,45,-21.00,4.00,-21.00,1.40,85.7,3981.10,3981.30,3979.90,3979.90,91,59,150,32.00,33.00,1.00,1.20,0.0,57,162,0.0313,0.0000,-39.00,126.00,3991.87,-1.2634,DOWN,245.45,0.6111,1.8333
20260716 194708 044,3979.80,1,3978.80,3978.90,0.10,3978.80,4,3978.70,1,3978.60,7,3978.50,7,3978.40,7,3978.30,9,3978.20,5,3978.10,3,3978.00,7,3977.90,10,3978.90,2,3979.00,3,3979.10,6,3979.20,8,3979.30,8,3979.40,8,3979.50,4,3979.60,3,3979.70,4,3979.80,5,Sell,12,34,46,-22.00,4.00,-22.00,1.50,86.7,3981.10,3981.30,3979.80,3979.80,91,59,150,32.00,33.00,1.00,1.20,0.0,57,162,0.0313,0.0000,-40.00,125.00,3991.86,-1.2666,DOWN,245.45,0.6111,1.8405
20260716 194708 044,3979.80,1,3978.80,3978.90,0.10,3978.80,4,3978.70,1,3978.60,7,3978.50,7,3978.40,7,3978.30,9,3978.20,5,3978.10,3,3978.00,7,3977.90,10,3978.90,2,3979.00,3,3979.10,6,3979.20,8,3979.30,8,3979.40,8,3979.50,4,3979.60,3,3979.70,4,3979.80,5,Sell,12,35,47,-23.00,4.00,-23.00,1.50,86.7,3981.10,3981.30,3979.80,3979.80,91,59,150,32.00,33.00,1.00,1.20,0.0,57,162,0.0313,0.0000,-41.00,124.00,3991.86,-1.2666,DOWN,245.45,0.6111,1.8405
20260716 194708 044,3980.00,1,3978.80,3978.90,0.10,3978.80,4,3978.70,1,3978.60,7,3978.50,7,3978.40,7,3978.30,9,3978.20,5,3978.10,3,3978.00,7,3977.90,10,3978.90,2,3979.00,3,3979.10,6,3979.20,8,3979.30,8,3979.40,8,3979.50,4,3979.60,3,3979.70,4,3979.80,5,Buy,13,35,48,-22.00,4.00,-23.00,1.50,73.3,3981.10,3981.30,3979.80,3980.00,91,59,150,32.00,33.00,1.00,1.20,0.0,57,162,0.0313,0.0455,-40.00,125.00,3991.88,-1.2602,DOWN,245.45,0.6111,1.8405
20260716 194708 048,3979.90,1,3978.80,3978.90,0.10,3978.80,4,3978.70,1,3978.60,7,3978.50,7,3978.40,7,3978.30,9,3978.20,5,3978.10,3,3978.00,7,3977.90,10,3978.90,2,3979.00,3,3979.10,6,3979.20,8,3979.30,8,3979.40,8,3979.50,4,3979.60,3,3979.70,4,3979.80,5,Sell,13,36,49,-23.00,4.00,-23.00,1.50,80.0,3981.10,3981.30,3979.80,3979.90,91,59,150,32.00,33.00,1.00,1.20,0.0,57,162,0.0313,0.0000,-41.00,124.00,3991.87,-1.2634,DOWN,245.45,0.6111,1.8405
20260716 194708 049,3979.80,1,3978.80,3978.90,0.10,3978.80,4,3978.70,1,3978.60,7,3978.50,7,3978.40,7,3978.30,9,3978.20,5,3978.10,3,3978.00,7,3977.90,10,3978.90,2,3979.00,3,3979.10,6,3979.20,8,3979.30,8,3979.40,8,3979.50,4,3979.60,3,3979.70,4,3979.80,5,Sell,13,37,50,-24.00,4.00,-24.00,1.50,86.7,3981.10,3981.30,3979.80,3979.80,91,59,150,32.00,33.00,1.00,1.20,0.0,57,162,0.0313,0.0000,-42.00,123.00,3991.86,-1.2666,DOWN,245.45,0.6111,1.8405
20260716 194708 049,3979.80,1,3978.80,3978.90,0.10,3978.80,4,3978.70,1,3978.60,7,3978.50,7,3978.40,7,3978.30,9,3978.20,5,3978.10,3,3978.00,7,3977.90,10,3978.90,2,3979.00,3,3979.10,6,3979.20,8,3979.30,8,3979.40,8,3979.50,4,3979.60,3,3979.70,4,3979.80,5,Sell,13,38,51,-25.00,4.00,-25.00,1.50,86.7,3981.10,3981.30,3979.80,3979.80,91,59,150,32.00,33.00,1.00,1.20,0.0,57,162,0.0313,0.0000,-43.00,122.00,3991.86,-1.2666,DOWN,245.45,0.6111,1.8405
20260716 194708 053,3979.70,1,3978.80,3978.90,0.10,3978.80,4,3978.70,1,3978.60,7,3978.50,7,3978.40,7,3978.30,9,3978.20,5,3978.10,3,3978.00,7,3977.90,10,3978.90,2,3979.00,3,3979.10,6,3979.20,8,3979.30,8,3979.40,8,3979.50,4,3979.60,3,3979.70,4,3979.80,5,Sell,13,39,52,-26.00,4.00,-26.00,1.60,87.5,3981.10,3981.30,3979.70,3979.70,91,59,150,32.00,33.00,1.00,1.20,0.0,57,162,0.0313,0.0000,-44.00,121.00,3991.85,-1.2697,DOWN,245.45,0.6111,1.8476
20260716 194708 054,3979.50,1,3978.80,3978.90,0.10,3978.80,4,3978.70,1,3978.60,7,3978.50,7,3978.40,7,3978.30,9,3978.20,5,3978.10,3,3978.00,7,3977.90,10,3978.90,2,3979.00,3,3979.10,6,3979.20,8,3979.30,8,3979.40,8,3979.50,4,3979.60,3,3979.70,4,3979.80,5,Sell,13,40,53,-27.00,4.00,-27.00,1.80,88.9,3981.10,3981.30,3979.50,3979.50,91,59,150,32.00,33.00,1.00,1.20,0.0,57,162,0.0313,0.0000,-45.00,120.00,3991.83,-1.2761,DOWN,245.45,0.6111,1.8619
20260716 194708 054,3979.50,1,3978.80,3978.90,0.10,3978.80,4,3978.70,1,3978.60,7,3978.50,7,3978.40,7,3978.30,9,3978.20,5,3978.10,3,3978.00,7,3977.90,10,3978.90,2,3979.00,3,3979.10,6,3979.20,8,3979.30,8,3979.40,8,3979.50,4,3979.60,3,3979.70,4,3979.80,5,Sell,13,41,54,-28.00,4.00,-28.00,1.80,88.9,3981.10,3981.30,3979.50,3979.50,91,59,150,32.00,33.00,1.00,1.20,0.0,57,162,0.0313,0.0000,-46.00,119.00,3991.83,-1.2761,DOWN,245.45,0.6111,1.8619
20260716 194708 054,3979.40,1,3978.80,3978.90,0.10,3978.80,4,3978.70,1,3978.60,7,3978.50,7,3978.40,7,3978.30,9,3978.20,5,3978.10,3,3978.00,7,3977.90,10,3978.90,2,3979.00,3,3979.10,6,3979.20,8,3979.30,8,3979.40,8,3979.50,4,3979.60,3,3979.70,4,3979.80,5,Sell,13,42,55,-29.00,4.00,-29.00,1.90,89.5,3981.10,3981.30,3979.40,3979.40,91,59,150,32.00,33.00,1.00,1.20,0.0,57,162,0.0313,0.0000,-47.00,118.00,3991.82,-1.2793,DOWN,245.45,0.6111,1.8690
20260716 194708 056,3979.60,1,3978.80,3978.90,0.10,3978.80,4,3978.70,1,3978.60,7,3978.50,7,3978.40,7,3978.30,9,3978.20,5,3978.10,3,3978.00,7,3977.90,10,3978.90,2,3979.00,3,3979.10,6,3979.20,8,3979.30,8,3979.40,8,3979.50,4,3979.60,3,3979.70,4,3979.80,5,Sell,13,43,56,-30.00,4.00,-30.00,1.90,78.9,3981.10,3981.30,3979.40,3979.60,91,59,150,32.00,33.00,1.00,1.20,0.0,57,162,0.0313,0.0000,-48.00,117.00,3991.84,-1.2729,DOWN,245.45,0.6111,1.8690
20260716 194708 060,3979.40,1,3978.80,3978.90,0.10,3978.80,4,3978.70,1,3978.60,7,3978.50,7,3978.40,7,3978.30,9,3978.20,5,3978.10,3,3978.00,7,3977.90,10,3978.90,2,3979.00,3,3979.10,6,3979.20,8,3979.30,8,3979.40,8,3979.50,4,3979.60,3,3979.70,4,3979.80,5,Sell,13,44,57,-31.00,4.00,-31.00,1.90,89.5,3981.10,3981.30,3979.40,3979.40,91,59,150,32.00,33.00,1.00,1.20,0.0,57,162,0.0313,0.0000,-49.00,116.00,3991.82,-1.2793,DOWN,245.45,0.6111,1.8690
20260716 194708 061,3979.50,1,3978.80,3978.90,0.10,3978.80,4,3978.70,1,3978.60,7,3978.50,7,3978.40,7,3978.30,9,3978.20,5,3978.10,3,3978.00,7,3977.90,10,3978.90,2,3979.00,3,3979.10,6,3979.20,8,3979.30,8,3979.40,8,3979.50,4,3979.60,3,3979.70,4,3979.80,5,Buy,14,44,58,-30.00,4.00,-31.00,1.90,84.2,3981.10,3981.30,3979.40,3979.50,91,59,150,32.00,33.00,1.00,1.20,0.0,57,162,0.0313,0.0333,-48.00,117.00,3991.83,-1.2761,DOWN,245.45,0.6111,1.8690
20260716 194708 061,3979.50,5,3978.80,3978.90,0.10,3978.80,4,3978.70,1,3978.60,7,3978.50,7,3978.40,7,3978.30,9,3978.20,5,3978.10,3,3978.00,7,3977.90,10,3978.90,2,3979.00,3,3979.10,6,3979.20,8,3979.30,8,3979.40,8,3979.50,4,3979.60,3,3979.70,4,3979.80,5,Buy,19,44,63,-25.00,4.00,-31.00,1.90,84.2,3981.10,3981.30,3979.40,3979.50,91,59,150,32.00,33.00,1.00,1.20,0.0,57,162,0.0313,0.2400,-43.00,122.00,3991.83,-1.2761,DOWN,245.45,0.6111,1.8690
20260716 194708 061,3979.50,1,3978.80,3978.90,0.10,3978.80,4,3978.70,1,3978.60,7,3978.50,7,3978.40,7,3978.30,9,3978.20,5,3978.10,3,3978.00,7,3977.90,10,3978.90,2,3979.00,3,3979.10,6,3979.20,8,3979.30,8,3979.40,8,3979.50,4,3979.60,3,3979.70,4,3979.80,5,Buy,20,44,64,-24.00,4.00,-31.00,1.90,84.2,3981.10,3981.30,3979.40,3979.50,91,59,150,32.00,33.00,1.00,1.20,0.0,57,162,0.0313,0.2917,-42.00,123.00,3991.83,-1.2761,DOWN,245.45,0.6111,1.8690
20260716 194708 061,3979.60,1,3978.80,3978.90,0.10,3978.80,4,3978.70,1,3978.60,7,3978.50,7,3978.40,7,3978.30,9,3978.20,5,3978.10,3,3978.00,7,3977.90,10,3978.90,2,3979.00,3,3979.10,6,3979.20,8,3979.30,8,3979.40,8,3979.50,4,3979.60,3,3979.70,4,3979.80,5,Buy,21,44,65,-23.00,4.00,-31.00,1.90,78.9,3981.10,3981.30,3979.40,3979.60,91,59,150,32.00,33.00,1.00,1.20,0.0,57,162,0.0313,0.3478,-41.00,124.00,3991.84,-1.2729,DOWN,245.45,0.6111,1.8690
20260716 194708 061,3979.60,1,3978.80,3978.90,0.10,3978.80,4,3978.70,1,3978.60,7,3978.50,7,3978.40,7,3978.30,9,3978.20,5,3978.10,3,3978.00,7,3977.90,10,3978.90,2,3979.00,3,3979.10,6,3979.20,8,3979.30,8,3979.40,8,3979.50,4,3979.60,3,3979.70,4,3979.80,5,Buy,22,44,66,-22.00,4.00,-31.00,1.90,78.9,3981.10,3981.30,3979.40,3979.60,91,59,150,32.00,33.00,1.00,1.20,0.0,57,162,0.0313,0.4091,-40.00,125.00,3991.84,-1.2729,DOWN,245.45,0.6111,1.8690
20260716 194708 062,3979.40,1,3978.80,3978.90,0.10,3978.80,4,3978.70,1,3978.60,7,3978.50,7,3978.40,7,3978.30,9,3978.20,5,3978.10,3,3978.00,7,3977.90,10,3978.90,2,3979.00,3,3979.10,6,3979.20,8,3979.30,8,3979.40,8,3979.50,4,3979.60,3,3979.70,4,3979.80,5,Sell,22,45,67,-23.00,4.00,-31.00,1.90,89.5,3981.10,3981.30,3979.40,3979.40,91,59,150,32.00,33.00,1.00,1.20,0.0,57,162,0.0313,0.3478,-41.00,124.00,3991.82,-1.2793,DOWN,245.45,0.6111,1.8690
20260716 194708 062,3979.40,1,3978.80,3978.90,0.10,3978.80,4,3978.70,1,3978.60,7,3978.50,7,3978.40,7,3978.30,9,3978.20,5,3978.10,3,3978.00,7,3977.90,10,3978.90,2,3979.00,3,3979.10,6,3979.20,8,3979.30,8,3979.40,8,3979.50,4,3979.60,3,3979.70,4,3979.80,5,Buy,23,45,68,-22.00,4.00,-31.00,1.90,89.5,3981.10,3981.30,3979.40,3979.40,91,59,150,32.00,33.00,1.00,1.20,0.0,57,162,0.0313,0.4091,-40.00,125.00,3991.82,-1.2793,DOWN,245.45,0.6111,1.8690
20260716 194708 063,3979.40,1,3978.80,3978.90,0.10,3978.80,4,3978.70,1,3978.60,7,3978.50,7,3978.40,7,3978.30,9,3978.20,5,3978.10,3,3978.00,7,3977.90,10,3978.90,2,3979.00,3,3979.10,6,3979.20,8,3979.30,8,3979.40,8,3979.50,4,3979.60,3,3979.70,4,3979.80,5,Buy,24,45,69,-21.00,4.00,-31.00,1.90,89.5,3981.10,3981.30,3979.40,3979.40,91,59,150,32.00,33.00,1.00,1.20,0.0,57,162,0.0313,0.4762,-39.00,126.00,3991.82,-1.2793,DOWN,245.45,0.6111,1.8690
20260716 194708 063,3979.40,1,3978.80,3978.90,0.10,3978.80,4,3978.70,1,3978.60,7,3978.50,7,3978.40,7,3978.30,9,3978.20,5,3978.10,3,3978.00,7,3977.90,10,3978.90,2,3979.00,3,3979.10,6,3979.20,8,3979.30,8,3979.40,8,3979.50,4,3979.60,3,3979.70,4,3979.80,5,Sell,24,46,70,-22.00,4.00,-31.00,1.90,89.5,3981.10,3981.30,3979.40,3979.40,91,59,150,32.00,33.00,1.00,1.20,0.0,57,162,0.0313,0.4091,-40.00,125.00,3991.82,-1.2793,DOWN,245.45,0.6111,1.8690
20260716 194708 064,3979.20,1,3978.80,3978.90,0.10,3978.80,4,3978.70,1,3978.60,7,3978.50,7,3978.40,7,3978.30,9,3978.20,5,3978.10,3,3978.00,7,3977.90,10,3978.90,2,3979.00,3,3979.10,6,3979.20,8,3979.30,8,3979.40,8,3979.50,4,3979.60,3,3979.70,4,3979.80,5,Sell,24,47,71,-23.00,4.00,-31.00,2.10,90.5,3981.10,3981.30,3979.20,3979.20,91,59,150,32.00,33.00,1.00,1.20,0.0,57,162,0.0313,0.3478,-41.00,124.00,3991.80,-1.2856,DOWN,245.45,0.6111,1.8833
20260716 194708 070,3979.10,1,3978.80,3978.90,0.10,3978.80,4,3978.70,1,3978.60,7,3978.50,7,3978.40,7,3978.30,9,3978.20,5,3978.10,3,3978.00,7,3977.90,10,3978.90,2,3979.00,3,3979.10,6,3979.20,8,3979.30,8,3979.40,8,3979.50,4,3979.60,3,3979.70,4,3979.80,5,Sell,24,48,72,-24.00,4.00,-31.00,2.20,90.9,3981.10,3981.30,3979.10,3979.10,91,59,150,32.00,33.00,1.00,1.20,0.0,57,162,0.0313,0.2917,-42.00,123.00,3991.79,-1.2888,DOWN,245.45,0.6111,1.8905
20260716 194708 070,3979.10,1,3978.80,3978.90,0.10,3978.80,4,3978.70,1,3978.60,7,3978.50,7,3978.40,7,3978.30,9,3978.20,5,3978.10,3,3978.00,7,3977.90,10,3978.90,2,3979.00,3,3979.10,6,3979.20,8,3979.30,8,3979.40,8,3979.50,4,3979.60,3,3979.70,4,3979.80,5,Sell,24,49,73,-25.00,4.00,-31.00,2.20,90.9,3981.10,3981.30,3979.10,3979.10,91,59,150,32.00,33.00,1.00,1.20,0.0,57,162,0.0313,0.2400,-43.00,122.00,3991.79,-1.2888,DOWN,245.45,0.6111,1.8905
20260716 194708 072,3979.00,1,3978.80,3978.90,0.10,3978.80,4,3978.70,1,3978.60,7,3978.50,7,3978.40,7,3978.30,9,3978.20,5,3978.10,3,3978.00,7,3977.90,10,3978.90,2,3979.00,3,3979.10,6,3979.20,8,3979.30,8,3979.40,8,3979.50,4,3979.60,3,3979.70,4,3979.80,5,Sell,24,50,74,-26.00,4.00,-31.00,2.30,91.3,3981.10,3981.30,3979.00,3979.00,91,59,150,32.00,33.00,1.00,1.20,0.0,57,162,0.0313,0.1923,-44.00,121.00,3991.78,-1.2920,DOWN,245.45,0.6111,1.8976
20260716 194708 074,3978.90,1,3978.80,3978.90,0.10,3978.80,4,3978.70,1,3978.60,7,3978.50,7,3978.40,7,3978.30,9,3978.20,5,3978.10,3,3978.00,7,3977.90,10,3978.90,2,3979.00,3,3979.10,6,3979.20,8,3979.30,8,3979.40,8,3979.50,4,3979.60,3,3979.70,4,3979.80,5,Sell,24,51,75,-27.00,4.00,-31.00,2.40,91.7,3981.10,3981.30,3978.90,3978.90,91,59,150,32.00,33.00,1.00,1.20,0.0,57,162,0.0313,0.1481,-45.00,120.00,3991.77,-1.2951,DOWN,245.45,0.6111,1.9047
20260716 194708 074,3978.90,1,3978.80,3978.90,0.10,3978.80,4,3978.70,1,3978.60,7,3978.50,7,3978.40,7,3978.30,9,3978.20,5,3978.10,3,3978.00,7,3977.90,10,3978.90,2,3979.00,3,3979.10,6,3979.20,8,3979.30,8,3979.40,8,3979.50,4,3979.60,3,3979.70,4,3979.80,5,Sell,24,52,76,-28.00,4.00,-31.00,2.40,91.7,3981.10,3981.30,3978.90,3978.90,91,59,150,32.00,33.00,1.00,1.20,0.0,57,162,0.0313,0.1071,-46.00,119.00,3991.77,-1.2951,DOWN,245.45,0.6111,1.9047
20260716 194708 074,3978.80,1,3978.80,3978.90,0.10,3978.80,4,3978.70,1,3978.60,7,3978.50,7,3978.40,7,3978.30,9,3978.20,5,3978.10,3,3978.00,7,3977.90,10,3978.90,2,3979.00,3,3979.10,6,3979.20,8,3979.30,8,3979.40,8,3979.50,4,3979.60,3,3979.70,4,3979.80,5,Sell,24,53,77,-29.00,4.00,-31.00,2.50,92.0,3981.10,3981.30,3978.80,3978.80,91,59,150,32.00,33.00,1.00,1.20,0.0,57,162,0.0313,0.0690,-47.00,118.00,3991.76,-1.2983,DOWN,245.45,0.6111,1.9119
20260716 194708 082,3978.80,1,3978.80,3978.90,0.10,3978.80,4,3978.70,1,3978.60,7,3978.50,7,3978.40,7,3978.30,9,3978.20,5,3978.10,3,3978.00,7,3977.90,10,3978.90,2,3979.00,3,3979.10,6,3979.20,8,3979.30,8,3979.40,8,3979.50,4,3979.60,3,3979.70,4,3979.80,5,Sell,24,54,78,-30.00,4.00,-31.00,2.50,92.0,3981.10,3981.30,3978.80,3978.80,91,59,150,32.00,33.00,1.00,1.20,0.0,57,162,0.0313,0.0333,-48.00,117.00,3991.76,-1.2983,DOWN,245.45,0.6111,1.9119
20260716 194708 084,3978.70,1,3978.80,3978.90,0.10,3978.80,4,3978.70,1,3978.60,7,3978.50,7,3978.40,7,3978.30,9,3978.20,5,3978.10,3,3978.00,7,3977.90,10,3978.90,2,3979.00,3,3979.10,6,3979.20,8,3979.30,8,3979.40,8,3979.50,4,3979.60,3,3979.70,4,3979.80,5,Sell,24,55,79,-31.00,4.00,-31.00,2.60,92.3,3981.10,3981.30,3978.70,3978.70,91,59,150,32.00,33.00,1.00,1.20,0.0,57,162,0.0313,0.0000,-49.00,116.00,3991.75,-1.3015,DOWN,245.45,0.6111,1.9190
20260716 194708 089,3978.60,1,3978.80,3978.90,0.10,3978.80,4,3978.70,1,3978.60,7,3978.50,7,3978.40,7,3978.30,9,3978.20,5,3978.10,3,3978.00,7,3977.90,10,3978.90,2,3979.00,3,3979.10,6,3979.20,8,3979.30,8,3979.40,8,3979.50,4,3979.60,3,3979.70,4,3979.80,5,Sell,24,56,80,-32.00,4.00,-32.00,2.70,92.6,3981.10,3981.30,3978.60,3978.60,91,59,150,32.00,33.00,1.00,1.20,0.0,57,162,0.0313,0.0000,-50.00,115.00,3991.74,-1.3047,DOWN,245.45,0.6111,1.9262
20260716 194708 092,3978.70,1,3978.80,3978.90,0.10,3978.80,4,3978.70,1,3978.60,7,3978.50,7,3978.40,7,3978.30,9,3978.20,5,3978.10,3,3978.00,7,3977.90,10,3978.90,2,3979.00,3,3979.10,6,3979.20,8,3979.30,8,3979.40,8,3979.50,4,3979.60,3,3979.70,4,3979.80,5,Buy,25,56,81,-31.00,4.00,-32.00,2.70,88.9,3981.10,3981.30,3978.60,3978.70,91,59,150,32.00,33.00,1.00,1.20,0.0,57,162,0.0313,0.0323,-49.00,116.00,3991.75,-1.3015,DOWN,245.45,0.6111,1.9262
20260716 194708 092,3978.70,1,3978.80,3978.90,0.10,3978.80,4,3978.70,1,3978.60,7,3978.50,7,3978.40,7,3978.30,9,3978.20,5,3978.10,3,3978.00,7,3977.90,10,3978.90,2,3979.00,3,3979.10,6,3979.20,8,3979.30,8,3979.40,8,3979.50,4,3979.60,3,3979.70,4,3979.80,5,Buy,26,56,82,-30.00,4.00,-32.00,2.70,88.9,3981.10,3981.30,3978.60,3978.70,91,59,150,32.00,33.00,1.00,1.20,0.0,57,162,0.0313,0.0667,-48.00,117.00,3991.75,-1.3015,DOWN,245.45,0.6111,1.9262
20260716 194708 092,3978.70,1,3978.80,3978.90,0.10,3978.80,4,3978.70,1,3978.60,7,3978.50,7,3978.40,7,3978.30,9,3978.20,5,3978.10,3,3978.00,7,3977.90,10,3978.90,2,3979.00,3,3979.10,6,3979.20,8,3979.30,8,3979.40,8,3979.50,4,3979.60,3,3979.70,4,3979.80,5,Buy,27,56,83,-29.00,4.00,-32.00,2.70,88.9,3981.10,3981.30,3978.60,3978.70,91,59,150,32.00,33.00,1.00,1.20,0.0,57,162,0.0313,0.1034,-47.00,118.00,3991.75,-1.3015,DOWN,245.45,0.6111,1.9262
20260716 194708 092,3978.80,1,3978.80,3978.90,0.10,3978.80,4,3978.70,1,3978.60,7,3978.50,7,3978.40,7,3978.30,9,3978.20,5,3978.10,3,3978.00,7,3977.90,10,3978.90,2,3979.00,3,3979.10,6,3979.20,8,3979.30,8,3979.40,8,3979.50,4,3979.60,3,3979.70,4,3979.80,5,Buy,28,56,84,-28.00,4.00,-32.00,2.70,85.2,3981.10,3981.30,3978.60,3978.80,91,59,150,32.00,33.00,1.00,1.20,0.0,57,162,0.0313,0.1429,-46.00,119.00,3991.76,-1.2983,DOWN,245.45,0.6111,1.9262
20260716 194708 092,3978.80,1,3978.80,3978.90,0.10,3978.80,4,3978.70,1,3978.60,7,3978.50,7,3978.40,7,3978.30,9,3978.20,5,3978.10,3,3978.00,7,3977.90,10,3978.90,2,3979.00,3,3979.10,6,3979.20,8,3979.30,8,3979.40,8,3979.50,4,3979.60,3,3979.70,4,3979.80,5,Buy,29,56,85,-27.00,4.00,-32.00,2.70,85.2,3981.10,3981.30,3978.60,3978.80,91,59,150,32.00,33.00,1.00,1.20,0.0,57,162,0.0313,0.1852,-45.00,120.00,3991.76,-1.2983,DOWN,245.45,0.6111,1.9262
20260716 194708 092,3978.80,1,3978.80,3978.90,0.10,3978.80,4,3978.70,1,3978.60,7,3978.50,7,3978.40,7,3978.30,9,3978.20,5,3978.10,3,3978.00,7,3977.90,10,3978.90,2,3979.00,3,3979.10,6,3979.20,8,3979.30,8,3979.40,8,3979.50,4,3979.60,3,3979.70,4,3979.80,5,Buy,30,56,86,-26.00,4.00,-32.00,2.70,85.2,3981.10,3981.30,3978.60,3978.80,91,59,150,32.00,33.00,1.00,1.20,0.0,57,162,0.0313,0.2308,-44.00,121.00,3991.76,-1.2983,DOWN,245.45,0.6111,1.9262
20260716 194708 092,3978.90,1,3978.80,3978.90,0.10,3978.80,4,3978.70,1,3978.60,7,3978.50,7,3978.40,7,3978.30,9,3978.20,5,3978.10,3,3978.00,7,3977.90,10,3978.90,2,3979.00,3,3979.10,6,3979.20,8,3979.30,8,3979.40,8,3979.50,4,3979.60,3,3979.70,4,3979.80,5,Buy,31,56,87,-25.00,4.00,-32.00,2.70,81.5,3981.10,3981.30,3978.60,3978.90,91,59,150,32.00,33.00,1.00,1.20,0.0,57,162,0.0313,0.2800,-43.00,122.00,3991.77,-1.2951,DOWN,245.45,0.6111,1.9262
20260716 194708 092,3978.90,1,3978.80,3978.90,0.10,3978.80,4,3978.70,1,3978.60,7,3978.50,7,3978.40,7,3978.30,9,3978.20,5,3978.10,3,3978.00,7,3977.90,10,3978.90,2,3979.00,3,3979.10,6,3979.20,8,3979.30,8,3979.40,8,3979.50,4,3979.60,3,3979.70,4,3979.80,5,Buy,32,56,88,-24.00,4.00,-32.00,2.70,81.5,3981.10,3981.30,3978.60,3978.90,91,59,150,32.00,33.00,1.00,1.20,0.0,57,162,0.0313,0.3333,-42.00,123.00,3991.77,-1.2951,DOWN,245.45,0.6111,1.9262
20260716 194708 092,3979.00,1,3978.80,3978.90,0.10,3978.80,4,3978.70,1,3978.60,7,3978.50,7,3978.40,7,3978.30,9,3978.20,5,3978.10,3,3978.00,7,3977.90,10,3978.90,2,3979.00,3,3979.10,6,3979.20,8,3979.30,8,3979.40,8,3979.50,4,3979.60,3,3979.70,4,3979.80,5,Buy,33,56,89,-23.00,4.00,-32.00,2.70,77.8,3981.10,3981.30,3978.60,3979.00,91,59,150,32.00,33.00,1.00,1.20,0.0,57,162,0.0313,0.3913,-41.00,124.00,3991.78,-1.2920,DOWN,245.45,0.6111,1.9262
20260716 194708 092,3979.00,1,3978.80,3978.90,0.10,3978.80,4,3978.70,1,3978.60,7,3978.50,7,3978.40,7,3978.30,9,3978.20,5,3978.10,3,3978.00,7,3977.90,10,3978.90,2,3979.00,3,3979.10,6,3979.20,8,3979.30,8,3979.40,8,3979.50,4,3979.60,3,3979.70,4,3979.80,5,Buy,34,56,90,-22.00,4.00,-32.00,2.70,77.8,3981.10,3981.30,3978.60,3979.00,91,59,150,32.00,33.00,1.00,1.20,0.0,57,162,0.0313,0.4545,-40.00,125.00,3991.78,-1.2920,DOWN,245.45,0.6111,1.9262
20260716 194708 092,3979.00,1,3978.80,3978.90,0.10,3978.80,4,3978.70,1,3978.60,7,3978.50,7,3978.40,7,3978.30,9,3978.20,5,3978.10,3,3978.00,7,3977.90,10,3978.90,2,3979.00,3,3979.10,6,3979.20,8,3979.30,8,3979.40,8,3979.50,4,3979.60,3,3979.70,4,3979.80,5,Buy,35,56,91,-21.00,4.00,-32.00,2.70,77.8,3981.10,3981.30,3978.60,3979.00,91,59,150,32.00,33.00,1.00,1.20,0.0,57,162,0.0313,0.5238,-39.00,126.00,3991.78,-1.2920,DOWN,245.45,0.6111,1.9262
20260716 194708 092,3979.00,1,3978.80,3978.90,0.10,3978.80,4,3978.70,1,3978.60,7,3978.50,7,3978.40,7,3978.30,9,3978.20,5,3978.10,3,3978.00,7,3977.90,10,3978.90,2,3979.00,3,3979.10,6,3979.20,8,3979.30,8,3979.40,8,3979.50,4,3979.60,3,3979.70,4,3979.80,5,Buy,36,56,92,-20.00,4.00,-32.00,2.70,77.8,3981.10,3981.30,3978.60,3979.00,91,59,150,32.00,33.00,1.00,1.20,0.0,57,162,0.0313,0.6000,-38.00,127.00,3991.78,-1.2920,DOWN,245.45,0.6111,1.9262
20260716 194708 092,3979.10,1,3978.80,3978.90,0.10,3978.80,4,3978.70,1,3978.60,7,3978.50,7,3978.40,7,3978.30,9,3978.20,5,3978.10,3,3978.00,7,3977.90,10,3978.90,2,3979.00,3,3979.10,6,3979.20,8,3979.30,8,3979.40,8,3979.50,4,3979.60,3,3979.70,4,3979.80,5,Buy,37,56,93,-19.00,4.00,-32.00,2.70,74.1,3981.10,3981.30,3978.60,3979.10,91,59,150,32.00,33.00,1.00,1.20,0.0,57,162,0.0313,0.6842,-37.00,128.00,3991.79,-1.2888,DOWN,245.45,0.6111,1.9262
20260716 194708 092,3979.10,1,3978.80,3978.90,0.10,3978.80,4,3978.70,1,3978.60,7,3978.50,7,3978.40,7,3978.30,9,3978.20,5,3978.10,3,3978.00,7,3977.90,10,3978.90,2,3979.00,3,3979.10,6,3979.20,8,3979.30,8,3979.40,8,3979.50,4,3979.60,3,3979.70,4,3979.80,5,Buy,38,56,94,-18.00,4.00,-32.00,2.70,74.1,3981.10,3981.30,3978.60,3979.10,91,59,150,32.00,33.00,1.00,1.20,0.0,57,162,0.0313,0.7778,-36.00,129.00,3991.79,-1.2888,DOWN,245.45,0.6111,1.9262
20260716 194708 092,3979.10,1,3978.80,3978.90,0.10,3978.80,4,3978.70,1,3978.60,7,3978.50,7,3978.40,7,3978.30,9,3978.20,5,3978.10,3,3978.00,7,3977.90,10,3978.90,2,3979.00,3,3979.10,6,3979.20,8,3979.30,8,3979.40,8,3979.50,4,3979.60,3,3979.70,4,3979.80,5,Buy,39,56,95,-17.00,4.00,-32.00,2.70,74.1,3981.10,3981.30,3978.60,3979.10,91,59,150,32.00,33.00,1.00,1.20,0.0,57,162,0.0313,0.8824,-35.00,130.00,3991.79,-1.2888,DOWN,245.45,0.6111,1.9262
20260716 194708 092,3979.10,1,3978.80,3978.90,0.10,3978.80,4,3978.70,1,3978.60,7,3978.50,7,3978.40,7,3978.30,9,3978.20,5,3978.10,3,3978.00,7,3977.90,10,3978.90,2,3979.00,3,3979.10,6,3979.20,8,3979.30,8,3979.40,8,3979.50,4,3979.60,3,3979.70,4,3979.80,5,Buy,40,56,96,-16.00,4.00,-32.00,2.70,74.1,3981.10,3981.30,3978.60,3979.10,91,59,150,32.00,33.00,1.00,1.20,0.0,57,162,0.0313,1.0000,-34.00,131.00,3991.79,-1.2888,DOWN,245.45,0.6111,1.9262
20260716 194708 092,3979.10,1,3978.80,3978.90,0.10,3978.80,4,3978.70,1,3978.60,7,3978.50,7,3978.40,7,3978.30,9,3978.20,5,3978.10,3,3978.00,7,3977.90,10,3978.90,2,3979.00,3,3979.10,6,3979.20,8,3979.30,8,3979.40,8,3979.50,4,3979.60,3,3979.70,4,3979.80,5,Buy,41,56,97,-15.00,4.00,-32.00,2.70,74.1,3981.10,3981.30,3978.60,3979.10,91,59,150,32.00,33.00,1.00,1.20,0.0,57,162,0.0313,1.1333,-33.00,132.00,3991.79,-1.2888,DOWN,245.45,0.6111,1.9262
20260716 194708 092,3979.20,1,3978.80,3978.90,0.10,3978.80,4,3978.70,1,3978.60,7,3978.50,7,3978.40,7,3978.30,9,3978.20,5,3978.10,3,3978.00,7,3977.90,10,3978.90,2,3979.00,3,3979.10,6,3979.20,8,3979.30,8,3979.40,8,3979.50,4,3979.60,3,3979.70,4,3979.80,5,Buy,42,56,98,-14.00,4.00,-32.00,2.70,70.4,3981.10,3981.30,3978.60,3979.20,91,59,150,32.00,33.00,1.00,1.20,0.0,57,162,0.0313,1.2857,-32.00,133.00,3991.80,-1.2856,DOWN,245.45,0.6111,1.9262
20260716 194708 092,3979.20,1,3978.80,3978.90,0.10,3978.80,4,3978.70,1,3978.60,7,3978.50,7,3978.40,7,3978.30,9,3978.20,5,3978.10,3,3978.00,7,3977.90,10,3978.90,2,3979.00,3,3979.10,6,3979.20,8,3979.30,8,3979.40,8,3979.50,4,3979.60,3,3979.70,4,3979.80,5,Buy,43,56,99,-13.00,4.00,-32.00,2.70,70.4,3981.10,3981.30,3978.60,3979.20,91,59,150,32.00,33.00,1.00,1.20,0.0,57,162,0.0313,1.4615,-31.00,134.00,3991.80,-1.2856,DOWN,245.45,0.6111,1.9262
20260716 194708 092,3979.20,1,3978.80,3978.90,0.10,3978.80,4,3978.70,1,3978.60,7,3978.50,7,3978.40,7,3978.30,9,3978.20,5,3978.10,3,3978.00,7,3977.90,10,3978.90,2,3979.00,3,3979.10,6,3979.20,8,3979.30,8,3979.40,8,3979.50,4,3979.60,3,3979.70,4,3979.80,5,Buy,44,56,100,-12.00,4.00,-32.00,2.70,70.4,3981.10,3981.30,3978.60,3979.20,91,59,150,32.00,33.00,1.00,1.20,0.0,57,162,0.0313,1.6667,-30.00,135.00,3991.80,-1.2856,DOWN,245.45,0.6111,1.9262
20260716 194708 095,3978.80,1,3978.80,3978.90,0.10,3978.80,4,3978.70,1,3978.60,7,3978.50,7,3978.40,7,3978.30,9,3978.20,5,3978.10,3,3978.00,7,3977.90,10,3978.90,2,3979.00,3,3979.10,6,3979.20,8,3979.30,8,3979.40,8,3979.50,4,3979.60,3,3979.70,4,3979.80,5,Sell,44,57,101,-13.00,4.00,-32.00,2.70,85.2,3981.10,3981.30,3978.60,3978.80,91,59,150,32.00,33.00,1.00,1.20,0.0,57,162,0.0313,1.4615,-31.00,134.00,3991.76,-1.2983,DOWN,245.45,0.6111,1.9262
20260716 194708 101,3978.90,1,3978.80,3978.90,0.10,3978.80,4,3978.70,1,3978.60,7,3978.50,7,3978.40,7,3978.30,9,3978.20,5,3978.10,3,3978.00,7,3977.90,10,3978.90,2,3979.00,3,3979.10,6,3979.20,8,3979.30,8,3979.40,8,3979.50,4,3979.60,3,3979.70,4,3979.80,5,Buy,45,57,102,-12.00,4.00,-32.00,2.70,81.5,3981.10,3981.30,3978.60,3978.90,91,59,150,32.00,33.00,1.00,1.20,0.0,57,162,0.0313,1.6667,-30.00,135.00,3991.77,-1.2951,DOWN,245.45,0.6111,1.9262
20260716 194708 238,3979.00,1,3979.00,3979.20,0.20,3979.00,3,3978.90,2,3978.80,3,3978.70,4,3978.60,10,3978.50,7,3978.40,7,3978.30,9,3978.20,10,3978.10,8,3979.20,5,3979.30,7,3979.40,8,3979.50,6,3979.60,6,3979.70,4,3979.80,5,3979.90,3,3980.00,9,3980.10,6,Sell,45,58,103,-13.00,4.00,-32.00,2.70,77.8,3981.10,3981.30,3978.60,3979.00,91,59,150,32.00,33.00,1.00,1.20,0.0,57,162,0.0313,1.4615,-31.00,134.00,3991.78,-1.2920,DOWN,245.45,0.6111,1.9262
20260716 194708 318,3979.20,1,3979.10,3979.30,0.20,3979.10,4,3979.00,2,3978.90,2,3978.80,4,3978.70,4,3978.60,10,3978.50,7,3978.40,7,3978.30,14,3978.20,10,3979.30,4,3979.40,6,3979.50,5,3979.60,7,3979.70,5,3979.80,15,3979.90,13,3980.00,19,3980.10,16,3980.20,16,Buy,46,58,104,-12.00,4.00,-32.00,2.70,70.4,3981.10,3981.30,3978.60,3979.20,91,59,150,32.00,33.00,1.00,1.20,0.0,57,162,0.0313,1.6667,-30.00,135.00,3991.80,-1.2856,DOWN,245.45,0.6111,1.9262
20260716 194708 318,3979.20,1,3979.10,3979.30,0.20,3979.10,4,3979.00,2,3978.90,2,3978.80,4,3978.70,4,3978.60,10,3978.50,7,3978.40,7,3978.30,14,3978.20,10,3979.30,4,3979.40,6,3979.50,5,3979.60,7,3979.70,5,3979.80,15,3979.90,13,3980.00,19,3980.10,16,3980.20,16,Buy,47,58,105,-11.00,4.00,-32.00,2.70,70.4,3981.10,3981.30,3978.60,3979.20,91,59,150,32.00,33.00,1.00,1.20,0.0,57,162,0.0313,1.9091,-29.00,136.00,3991.80,-1.2856,DOWN,245.45,0.6111,1.9262
20260716 194708 400,3979.10,1,3979.10,3979.30,0.20,3979.10,3,3979.00,2,3978.90,2,3978.80,4,3978.70,4,3978.60,10,3978.50,7,3978.40,7,3978.30,14,3978.20,10,3979.30,4,3979.40,6,3979.50,5,3979.60,8,3979.70,4,3979.80,15,3979.90,13,3980.00,19,3980.10,16,3980.20,16,Sell,47,59,106,-12.00,4.00,-32.00,2.70,74.1,3981.10,3981.30,3978.60,3979.10,91,59,150,32.00,33.00,1.00,1.20,0.0,57,162,0.0313,1.6667,-30.00,135.00,3991.79,-1.2888,DOWN,245.45,0.6111,1.9262
20260716 194709 233,3979.40,1,3979.20,3979.40,0.20,3979.20,2,3979.10,3,3979.00,2,3978.90,3,3978.80,5,3978.70,4,3978.60,10,3978.50,7,3978.40,7,3978.30,14,3979.40,3,3979.50,5,3979.60,6,3979.70,5,3979.80,15,3979.90,13,3980.00,19,3980.10,16,3980.20,16,3980.30,15,Buy,48,59,107,-11.00,4.00,-32.00,2.70,63.0,3981.10,3981.30,3978.60,3979.40,91,59,150,32.00,33.00,1.00,1.20,0.0,57,162,0.0313,1.9091,-29.00,136.00,3991.82,-1.2793,DOWN,245.45,0.6111,1.9262
20260716 194711 960,3979.30,2,3979.10,3979.20,0.10,3979.10,1,3979.00,2,3978.90,3,3978.80,5,3978.70,4,3978.60,10,3978.50,7,3978.40,12,3978.30,14,3978.20,10,3979.20,3,3979.30,4,3979.40,4,3979.50,3,3979.60,5,3979.70,5,3979.80,5,3979.90,3,3980.00,19,3980.10,16,Sell,48,61,109,-13.00,4.00,-32.00,2.70,66.7,3981.10,3981.30,3978.60,3979.30,91,59,150,32.00,33.00,1.00,1.20,0.0,57,162,0.0313,1.4615,-31.00,134.00,3991.81,-1.2824,DOWN,245.45,0.6111,1.9262
20260716 194712 823,3979.10,1,3978.90,3979.10,0.20,3978.90,3,3978.80,3,3978.70,5,3978.60,10,3978.50,7,3978.40,7,3978.30,14,3978.20,10,3978.10,8,3978.00,12,3979.10,3,3979.20,3,3979.30,4,3979.40,5,3979.50,4,3979.60,5,3979.70,4,3979.80,5,3979.90,13,3980.00,19,Sell,48,62,110,-14.00,4.00,-32.00,2.70,74.1,3981.10,3981.30,3978.60,3979.10,91,59,150,32.00,33.00,1.00,1.20,0.0,57,162,0.0313,1.2857,-32.00,133.00,3991.79,-1.2888,DOWN,245.45,0.6111,1.9262
20260716 194713 714,3979.10,1,3979.10,3979.20,0.10,3979.10,2,3979.00,3,3978.90,5,3978.80,4,3978.70,5,3978.60,10,3978.50,8,3978.40,7,3978.30,14,3978.20,10,3979.30,2,3979.40,4,3979.50,3,3979.60,5,3979.70,4,3979.80,15,3979.90,13,3980.00,19,3980.10,17,3980.20,16,Buy,49,62,111,-13.00,4.00,-32.00,2.70,74.1,3981.10,3981.30,3978.60,3979.10,91,59,150,32.00,33.00,1.00,1.20,0.0,57,162,0.0313,1.4615,-31.00,134.00,3991.79,-1.2888,DOWN,245.45,0.6111,1.9262
20260716 194713 754,3979.20,1,3979.10,3979.20,0.10,3979.10,2,3979.00,3,3978.90,5,3978.80,4,3978.70,5,3978.60,10,3978.50,8,3978.40,7,3978.30,14,3978.20,10,3979.30,2,3979.40,4,3979.50,3,3979.60,5,3979.70,4,3979.80,15,3979.90,13,3980.00,19,3980.10,17,3980.20,16,Buy,50,62,112,-12.00,4.00,-32.00,2.70,70.4,3981.10,3981.30,3978.60,3979.20,91,59,150,32.00,33.00,1.00,1.20,0.0,57,162,0.0313,1.6667,-30.00,135.00,3991.80,-1.2856,DOWN,245.45,0.6111,1.9262
20260716 194718 353,3979.40,1,3979.30,3979.40,0.10,3979.30,1,3979.20,5,3979.10,4,3979.00,3,3978.90,5,3978.80,5,3978.70,11,3978.60,14,3978.50,12,3978.40,12,3979.50,2,3979.60,5,3979.70,3,3979.80,4,3979.90,2,3980.00,8,3980.10,6,3980.20,17,3980.30,17,3980.40,18,Buy,51,62,113,-11.00,4.00,-32.00,2.70,63.0,3981.10,3981.30,3978.60,3979.40,91,59,150,32.00,33.00,1.00,1.20,0.0,57,162,0.0313,1.9091,-29.00,136.00,3991.82,-1.2793,DOWN,245.45,0.6111,1.9262
20260716 194718 939,3979.50,1,3979.40,3979.50,0.10,3979.40,1,3979.30,4,3979.20,5,3979.10,4,3979.00,3,3978.90,4,3978.80,6,3978.70,10,3978.60,14,3978.50,12,3979.60,3,3979.70,3,3979.80,4,3979.90,1,3980.00,8,3980.10,7,3980.20,17,3980.30,17,3980.40,18,3980.50,16,Buy,52,62,114,-10.00,4.00,-32.00,2.70,59.3,3981.10,3981.30,3978.60,3979.50,91,59,150,32.00,33.00,1.00,1.20,0.0,57,162,0.0313,2.2000,-28.00,137.00,3991.83,-1.2761,DOWN,245.45,0.6111,1.9262
20260716 194718 939,3979.60,1,3979.40,3979.50,0.10,3979.40,1,3979.30,4,3979.20,5,3979.10,4,3979.00,3,3978.90,4,3978.80,6,3978.70,10,3978.60,14,3978.50,12,3979.60,3,3979.70,3,3979.80,4,3979.90,1,3980.00,8,3980.10,7,3980.20,17,3980.30,17,3980.40,18,3980.50,16,Buy,53,62,115,-9.00,4.00,-32.00,2.70,55.6,3981.10,3981.30,3978.60,3979.60,91,59,150,32.00,33.00,1.00,1.20,0.0,57,162,0.0313,2.5556,-27.00,138.00,3991.84,-1.2729,DOWN,245.45,0.6111,1.9262
20260716 194719 450,3979.20,1,3979.00,3979.30,0.30,3979.00,4,3978.90,4,3978.80,5,3978.70,5,3978.60,9,3978.50,12,3978.40,12,3978.30,15,3978.20,10,3978.10,8,3979.30,2,3979.40,6,3979.50,4,3979.60,5,3979.70,6,3979.80,4,3979.90,1,3980.00,18,3980.10,16,3980.20,17,Sell,53,63,116,-10.00,4.00,-32.00,2.70,70.4,3981.10,3981.30,3978.60,3979.20,91,59,150,32.00,33.00,1.00,1.20,0.0,57,162,0.0313,2.2000,-28.00,137.00,3991.80,-1.2856,DOWN,245.45,0.6111,1.9262
20260716 194719 465,3979.20,1,3979.00,3979.30,0.30,3979.00,4,3978.90,4,3978.80,5,3978.70,5,3978.60,9,3978.50,12,3978.40,12,3978.30,15,3978.20,10,3978.10,8,3979.30,2,3979.40,6,3979.50,4,3979.60,5,3979.70,6,3979.80,4,3979.90,1,3980.00,18,3980.10,16,3980.20,17,Sell,53,64,117,-11.00,4.00,-32.00,2.70,70.4,3981.10,3981.30,3978.60,3979.20,91,59,150,32.00,33.00,1.00,1.20,0.0,57,162,0.0313,1.9091,-29.00,136.00,3991.80,-1.2856,DOWN,245.45,0.6111,1.9262
20260716 194719 490,3979.20,1,3979.00,3979.30,0.30,3979.00,4,3978.90,4,3978.80,5,3978.70,5,3978.60,9,3978.50,12,3978.40,12,3978.30,15,3978.20,10,3978.10,8,3979.30,2,3979.40,6,3979.50,4,3979.60,5,3979.70,6,3979.80,4,3979.90,1,3980.00,18,3980.10,16,3980.20,17,Sell,53,65,118,-12.00,4.00,-32.00,2.70,70.4,3981.10,3981.30,3978.60,3979.20,91,59,150,32.00,33.00,1.00,1.20,0.0,57,162,0.0313,1.6667,-30.00,135.00,3991.80,-1.2856,DOWN,245.45,0.6111,1.9262
20260716 194719 490,3979.20,2,3979.00,3979.30,0.30,3979.00,4,3978.90,4,3978.80,5,3978.70,5,3978.60,9,3978.50,12,3978.40,12,3978.30,15,3978.20,10,3978.10,8,3979.30,2,3979.40,6,3979.50,4,3979.60,5,3979.70,6,3979.80,4,3979.90,1,3980.00,18,3980.10,16,3980.20,17,Sell,53,67,120,-14.00,4.00,-32.00,2.70,70.4,3981.10,3981.30,3978.60,3979.20,91,59,150,32.00,33.00,1.00,1.20,0.0,57,162,0.0313,1.2857,-32.00,133.00,3991.80,-1.2856,DOWN,245.45,0.6111,1.9262
20260716 194719 523,3979.00,1,3978.80,3979.00,0.20,3978.80,2,3978.70,3,3978.60,9,3978.50,7,3978.40,7,3978.30,10,3978.20,5,3978.10,9,3978.00,12,3977.90,10,3979.00,2,3979.10,4,3979.20,6,3979.30,7,3979.40,7,3979.50,4,3979.60,6,3979.70,5,3979.80,14,3979.90,11,Sell,53,68,121,-15.00,4.00,-32.00,2.70,77.8,3981.10,3981.30,3978.60,3979.00,91,59,150,32.00,33.00,1.00,1.20,0.0,57,162,0.0313,1.1333,-33.00,132.00,3991.78,-1.2920,DOWN,245.45,0.6111,1.9262
20260716 194719 523,3979.00,1,3978.80,3979.00,0.20,3978.80,2,3978.70,3,3978.60,9,3978.50,7,3978.40,7,3978.30,10,3978.20,5,3978.10,9,3978.00,12,3977.90,10,3979.00,2,3979.10,4,3979.20,6,3979.30,7,3979.40,7,3979.50,4,3979.60,6,3979.70,5,3979.80,14,3979.90,11,Sell,53,69,122,-16.00,4.00,-32.00,2.70,77.8,3981.10,3981.30,3978.60,3979.00,91,59,150,32.00,33.00,1.00,1.20,0.0,57,162,0.0313,1.0000,-34.00,131.00,3991.78,-1.2920,DOWN,245.45,0.6111,1.9262
20260716 194719 523,3979.00,1,3978.80,3979.00,0.20,3978.80,2,3978.70,3,3978.60,9,3978.50,7,3978.40,7,3978.30,10,3978.20,5,3978.10,9,3978.00,12,3977.90,10,3979.00,2,3979.10,4,3979.20,6,3979.30,7,3979.40,7,3979.50,4,3979.60,6,3979.70,5,3979.80,14,3979.90,11,Sell,53,70,123,-17.00,4.00,-32.00,2.70,77.8,3981.10,3981.30,3978.60,3979.00,91,59,150,32.00,33.00,1.00,1.20,0.0,57,162,0.0313,0.8824,-35.00,130.00,3991.78,-1.2920,DOWN,245.45,0.6111,1.9262
20260716 194719 523,3979.00,1,3978.80,3979.00,0.20,3978.80,2,3978.70,3,3978.60,9,3978.50,7,3978.40,7,3978.30,10,3978.20,5,3978.10,9,3978.00,12,3977.90,10,3979.00,2,3979.10,4,3979.20,6,3979.30,7,3979.40,7,3979.50,4,3979.60,6,3979.70,5,3979.80,14,3979.90,11,Sell,53,71,124,-18.00,4.00,-32.00,2.70,77.8,3981.10,3981.30,3978.60,3979.00,91,59,150,32.00,33.00,1.00,1.20,0.0,57,162,0.0313,0.7778,-36.00,129.00,3991.78,-1.2920,DOWN,245.45,0.6111,1.9262
20260716 194721 022,3978.90,1,3978.90,3979.10,0.20,3978.90,1,3978.80,3,3978.70,4,3978.60,9,3978.50,7,3978.40,7,3978.30,10,3978.20,10,3978.10,9,3978.00,12,3979.10,3,3979.20,3,3979.30,5,3979.40,7,3979.50,5,3979.60,5,3979.70,5,3979.80,14,3979.90,11,3980.00,18,Sell,53,72,125,-19.00,4.00,-32.00,2.70,81.5,3981.10,3981.30,3978.60,3978.90,91,59,150,32.00,33.00,1.00,1.20,0.0,57,162,0.0313,0.6842,-37.00,128.00,3991.77,-1.2951,DOWN,245.45,0.6111,1.9262
20260716 194723 207,3978.90,1,3978.80,3979.10,0.30,3978.80,4,3978.70,3,3978.60,9,3978.50,7,3978.40,7,3978.30,11,3978.20,10,3978.10,8,3978.00,12,3977.90,10,3979.10,2,3979.20,3,3979.30,5,3979.40,7,3979.50,4,3979.60,5,3979.70,5,3979.80,14,3979.90,11,3980.00,18,Sell,53,73,126,-20.00,4.00,-32.00,2.70,81.5,3981.10,3981.30,3978.60,3978.90,91,59,150,32.00,33.00,1.00,1.20,0.0,57,162,0.0313,0.6000,-38.00,127.00,3991.77,-1.2951,DOWN,245.45,0.6111,1.9262
20260716 194723 251,3979.00,1,3978.80,3979.10,0.30,3978.80,7,3978.70,4,3978.60,9,3978.50,7,3978.40,7,3978.30,11,3978.20,10,3978.10,8,3978.00,11,3977.90,10,3979.10,2,3979.20,3,3979.30,5,3979.40,7,3979.50,4,3979.60,5,3979.70,16,3979.80,14,3979.90,11,3980.00,18,Buy,54,73,127,-19.00,4.00,-32.00,2.70,77.8,3981.10,3981.30,3978.60,3979.00,91,59,150,32.00,33.00,1.00,1.20,0.0,57,162,0.0313,0.6842,-37.00,128.00,3991.78,-1.2920,DOWN,245.45,0.6111,1.9262
20260716 194723 349,3979.10,1,3979.00,3979.20,0.20,3979.00,1,3978.90,4,3978.80,7,3978.70,4,3978.60,9,3978.50,8,3978.40,7,3978.30,10,3978.20,10,3978.10,8,3979.20,3,3979.30,4,3979.40,7,3979.50,4,3979.60,5,3979.70,16,3979.80,14,3979.90,11,3980.00,18,3980.10,16,Buy,55,73,128,-18.00,4.00,-32.00,2.70,74.1,3981.10,3981.30,3978.60,3979.10,91,59,150,32.00,33.00,1.00,1.20,0.0,57,162,0.0313,0.7778,-36.00,129.00,3991.79,-1.2888,DOWN,245.45,0.6111,1.9262
20260716 194723 351,3979.20,1,3979.00,3979.20,0.20,3979.00,1,3978.90,4,3978.80,7,3978.70,4,3978.60,9,3978.50,8,3978.40,7,3978.30,10,3978.20,10,3978.10,8,3979.20,3,3979.30,4,3979.40,7,3979.50,4,3979.60,5,3979.70,16,3979.80,14,3979.90,11,3980.00,18,3980.10,16,Buy,56,73,129,-17.00,4.00,-32.00,2.70,70.4,3981.10,3981.30,3978.60,3979.20,91,59,150,32.00,33.00,1.00,1.20,0.0,57,162,0.0313,0.8824,-35.00,130.00,3991.80,-1.2856,DOWN,245.45,0.6111,1.9262
20260716 194724 324,3978.90,1,3978.80,3979.00,0.20,3978.80,1,3978.70,4,3978.60,9,3978.50,7,3978.40,7,3978.30,10,3978.20,11,3978.10,9,3978.00,11,3977.90,10,3979.00,1,3979.10,3,3979.20,4,3979.30,4,3979.40,7,3979.50,5,3979.60,5,3979.70,15,3979.80,14,3979.90,11,Sell,56,74,130,-18.00,4.00,-32.00,2.70,81.5,3981.10,3981.30,3978.60,3978.90,91,59,150,32.00,33.00,1.00,1.20,0.0,57,162,0.0313,0.7778,-36.00,129.00,3991.77,-1.2951,DOWN,245.45,0.6111,1.9262
20260716 194725 151,3978.90,1,3978.70,3978.90,0.20,3978.70,5,3978.60,6,3978.50,7,3978.40,7,3978.30,10,3978.20,6,3978.10,4,3978.00,11,3977.90,10,3977.80,10,3978.90,1,3979.00,4,3979.10,3,3979.20,4,3979.30,4,3979.40,7,3979.50,5,3979.60,5,3979.70,15,3979.80,14,Buy,57,74,131,-17.00,4.00,-32.00,2.70,81.5,3981.10,3981.30,3978.60,3978.90,91,59,150,32.00,33.00,1.00,1.20,0.0,57,162,0.0313,0.8824,-35.00,130.00,3991.77,-1.2951,DOWN,245.45,0.6111,1.9262
20260716 194725 155,3979.00,1,3978.70,3978.90,0.20,3978.70,5,3978.60,6,3978.50,7,3978.40,7,3978.30,10,3978.20,6,3978.10,4,3978.00,11,3977.90,10,3977.80,10,3978.90,1,3979.00,4,3979.10,3,3979.20,4,3979.30,4,3979.40,7,3979.50,5,3979.60,5,3979.70,15,3979.80,14,Buy,58,74,132,-16.00,4.00,-32.00,2.70,77.8,3981.10,3981.30,3978.60,3979.00,91,59,150,32.00,33.00,1.00,1.20,0.0,57,162,0.0313,1.0000,-34.00,131.00,3991.78,-1.2920,DOWN,245.45,0.6111,1.9262
20260716 194725 278,3978.70,1,3978.80,3979.00,0.20,3978.80,2,3978.70,5,3978.60,7,3978.50,7,3978.40,7,3978.30,10,3978.20,6,3978.10,4,3978.00,11,3977.90,10,3979.00,2,3979.10,3,3979.20,4,3979.30,4,3979.40,7,3979.50,4,3979.60,6,3979.70,15,3979.80,14,3979.90,11,Sell,58,75,133,-17.00,4.00,-32.00,2.70,88.9,3981.10,3981.30,3978.60,3978.70,91,59,150,32.00,33.00,1.00,1.20,0.0,57,162,0.0313,0.8824,-35.00,130.00,3991.75,-1.3015,DOWN,245.45,0.6111,1.9262
20260716 194726 502,3978.60,1,3978.60,3978.80,0.20,3978.50,6,3978.40,7,3978.30,10,3978.20,7,3978.10,4,3978.00,6,3977.90,10,3977.80,10,3977.70,8,3977.60,8,3978.80,2,3978.90,3,3979.00,4,3979.10,3,3979.20,4,3979.30,5,3979.40,7,3979.50,14,3979.60,15,3979.70,14,Sell,58,76,134,-18.00,4.00,-32.00,2.70,92.6,3981.10,3981.30,3978.60,3978.60,91,59,150,32.00,33.00,1.00,1.20,0.0,57,162,0.0313,0.7778,-36.00,129.00,3991.74,-1.3047,DOWN,245.45,0.6111,1.9262
20260716 194726 502,3978.60,1,3978.60,3978.80,0.20,3978.50,6,3978.40,7,3978.30,10,3978.20,7,3978.10,4,3978.00,6,3977.90,10,3977.80,10,3977.70,8,3977.60,8,3978.80,2,3978.90,3,3979.00,4,3979.10,3,3979.20,4,3979.30,5,3979.40,7,3979.50,14,3979.60,15,3979.70,14,Sell,58,77,135,-19.00,4.00,-32.00,2.70,92.6,3981.10,3981.30,3978.60,3978.60,91,59,150,32.00,33.00,1.00,1.20,0.0,57,162,0.0313,0.6842,-37.00,128.00,3991.74,-1.3047,DOWN,245.45,0.6111,1.9262
20260716 194728 481,3978.60,1,3978.60,3978.70,0.10,3978.60,2,3978.50,3,3978.40,3,3978.30,8,3978.20,6,3978.10,6,3978.00,8,3977.90,7,3977.80,10,3977.70,8,3978.70,2,3978.80,3,3978.90,3,3979.00,4,3979.10,3,3979.20,4,3979.30,14,3979.40,17,3979.50,14,3979.60,14,Sell,58,78,136,-20.00,4.00,-32.00,2.70,92.6,3981.10,3981.30,3978.60,3978.60,91,59,150,32.00,33.00,1.00,1.20,0.0,57,162,0.0313,0.6000,-38.00,127.00,3991.74,-1.3047,DOWN,245.45,0.6111,1.9262
20260716 194728 483,3978.60,2,3978.60,3978.70,0.10,3978.60,2,3978.50,3,3978.40,3,3978.30,8,3978.20,6,3978.10,6,3978.00,8,3977.90,7,3977.80,10,3977.70,8,3978.70,2,3978.80,3,3978.90,3,3979.00,4,3979.10,3,3979.20,4,3979.30,14,3979.40,17,3979.50,14,3979.60,14,Buy,60,78,138,-18.00,4.00,-32.00,2.70,92.6,3981.10,3981.30,3978.60,3978.60,91,59,150,32.00,33.00,1.00,1.20,0.0,57,162,0.0313,0.7778,-36.00,129.00,3991.74,-1.3047,DOWN,245.45,0.6111,1.9262
20260716 194728 783,3978.60,2,3978.60,3978.80,0.20,3978.60,2,3978.50,5,3978.40,3,3978.30,8,3978.20,6,3978.10,6,3978.00,8,3977.90,7,3977.80,10,3977.70,8,3978.80,2,3978.90,3,3979.00,4,3979.10,3,3979.20,4,3979.30,14,3979.40,17,3979.50,14,3979.60,14,3979.70,15,Sell,60,80,140,-20.00,4.00,-32.00,2.70,92.6,3981.10,3981.30,3978.60,3978.60,91,59,150,32.00,33.00,1.00,1.20,0.0,57,162,0.0313,0.6000,-38.00,127.00,3991.74,-1.3047,DOWN,245.45,0.6111,1.9262
20260716 194728 783,3978.60,1,3978.60,3978.80,0.20,3978.60,2,3978.50,5,3978.40,3,3978.30,8,3978.20,6,3978.10,6,3978.00,8,3977.90,7,3977.80,10,3977.70,8,3978.80,2,3978.90,3,3979.00,4,3979.10,3,3979.20,4,3979.30,14,3979.40,17,3979.50,14,3979.60,14,3979.70,15,Sell,60,81,141,-21.00,4.00,-32.00,2.70,92.6,3981.10,3981.30,3978.60,3978.60,91,59,150,32.00,33.00,1.00,1.20,0.0,57,162,0.0313,0.5238,-39.00,126.00,3991.74,-1.3047,DOWN,245.45,0.6111,1.9262
20260716 194729 264,3978.60,1,3978.60,3978.80,0.20,3978.60,3,3978.50,5,3978.40,3,3978.30,8,3978.20,7,3978.10,5,3978.00,8,3977.90,7,3977.80,10,3977.70,8,3978.80,2,3978.90,3,3979.00,4,3979.10,3,3979.20,4,3979.30,14,3979.40,17,3979.50,14,3979.60,14,3979.70,15,Sell,60,82,142,-22.00,4.00,-32.00,2.70,92.6,3981.10,3981.30,3978.60,3978.60,91,59,150,32.00,33.00,1.00,1.20,0.0,57,162,0.0313,0.4545,-40.00,125.00,3991.74,-1.3047,DOWN,245.45,0.6111,1.9262
20260716 194730 128,3978.80,1,3978.70,3978.90,0.20,3978.70,7,3978.60,5,3978.50,4,3978.40,3,3978.30,8,3978.20,6,3978.10,6,3978.00,8,3977.90,7,3977.80,10,3978.90,1,3979.00,4,3979.10,3,3979.20,4,3979.30,14,3979.40,17,3979.50,14,3979.60,14,3979.70,15,3979.80,13,Buy,61,82,143,-21.00,4.00,-32.00,2.70,85.2,3981.10,3981.30,3978.60,3978.80,91,59,150,32.00,33.00,1.00,1.20,0.0,57,162,0.0313,0.5238,-39.00,126.00,3991.76,-1.2983,DOWN,245.45,0.6111,1.9262
20260716 194730 128,3978.80,1,3978.70,3978.90,0.20,3978.70,7,3978.60,5,3978.50,4,3978.40,3,3978.30,8,3978.20,6,3978.10,6,3978.00,8,3977.90,7,3977.80,10,3978.90,1,3979.00,4,3979.10,3,3979.20,4,3979.30,14,3979.40,17,3979.50,14,3979.60,14,3979.70,15,3979.80,13,Buy,62,82,144,-20.00,4.00,-32.00,2.70,85.2,3981.10,3981.30,3978.60,3978.80,91,59,150,32.00,33.00,1.00,1.20,0.0,57,162,0.0313,0.6000,-38.00,127.00,3991.76,-1.2983,DOWN,245.45,0.6111,1.9262
20260716 194730 346,3978.80,1,3978.80,3979.00,0.20,3978.80,2,3978.70,4,3978.60,5,3978.50,6,3978.40,7,3978.30,10,3978.20,6,3978.10,5,3978.00,13,3977.90,12,3979.00,3,3979.10,3,3979.20,4,3979.30,4,3979.40,7,3979.50,14,3979.60,14,3979.70,14,3979.80,14,3979.90,11,Sell,62,83,145,-21.00,4.00,-32.00,2.70,85.2,3981.10,3981.30,3978.60,3978.80,91,59,150,32.00,33.00,1.00,1.20,0.0,57,162,0.0313,0.5238,-39.00,126.00,3991.76,-1.2983,DOWN,245.45,0.6111,1.9262
20260716 194731 106,3978.90,1,3978.80,3979.10,0.30,3978.80,4,3978.70,5,3978.60,5,3978.50,7,3978.40,7,3978.30,10,3978.20,6,3978.10,10,3978.00,13,3977.90,12,3979.10,2,3979.20,4,3979.30,4,3979.40,7,3979.50,4,3979.60,14,3979.70,14,3979.80,13,3979.90,11,3980.00,19,Sell,62,84,146,-22.00,4.00,-32.00,2.70,81.5,3981.10,3981.30,3978.60,3978.90,91,59,150,32.00,33.00,1.00,1.20,0.0,57,162,0.0313,0.4545,-40.00,125.00,3991.77,-1.2951,DOWN,245.45,0.6111,1.9262
20260716 194731 106,3978.90,1,3978.80,3979.10,0.30,3978.80,4,3978.70,5,3978.60,5,3978.50,7,3978.40,7,3978.30,10,3978.20,6,3978.10,10,3978.00,13,3977.90,12,3979.10,2,3979.20,4,3979.30,4,3979.40,7,3979.50,4,3979.60,14,3979.70,14,3979.80,13,3979.90,11,3980.00,19,Sell,62,85,147,-23.00,4.00,-32.00,2.70,81.5,3981.10,3981.30,3978.60,3978.90,91,59,150,32.00,33.00,1.00,1.20,0.0,57,162,0.0313,0.3913,-41.00,124.00,3991.77,-1.2951,DOWN,245.45,0.6111,1.9262
20260716 194731 106,3978.80,1,3978.80,3979.10,0.30,3978.80,4,3978.70,5,3978.60,5,3978.50,7,3978.40,7,3978.30,10,3978.20,6,3978.10,10,3978.00,13,3977.90,12,3979.10,2,3979.20,4,3979.30,4,3979.40,7,3979.50,4,3979.60,14,3979.70,14,3979.80,13,3979.90,11,3980.00,19,Sell,62,86,148,-24.00,4.00,-32.00,2.70,85.2,3981.10,3981.30,3978.60,3978.80,91,59,150,32.00,33.00,1.00,1.20,0.0,57,162,0.0313,0.3333,-42.00,123.00,3991.76,-1.2983,DOWN,245.45,0.6111,1.9262
20260716 194732 126,3978.90,1,3978.90,3979.10,0.20,3978.90,2,3978.80,3,3978.70,5,3978.60,6,3978.50,7,3978.40,6,3978.30,11,3978.20,6,3978.10,10,3978.00,13,3979.10,2,3979.20,3,3979.30,4,3979.40,7,3979.50,4,3979.60,4,3979.70,14,3979.80,14,3979.90,11,3980.00,19,Sell,62,87,149,-25.00,4.00,-32.00,2.70,81.5,3981.10,3981.30,3978.60,3978.90,91,59,150,32.00,33.00,1.00,1.20,0.0,57,162,0.0313,0.2800,-43.00,122.00,3991.77,-1.2951,DOWN,245.45,0.6111,1.9262
20260716 194732 891,3979.10,1,3979.00,3979.20,0.20,3979.00,1,3978.90,2,3978.80,3,3978.70,5,3978.60,6,3978.50,8,3978.40,6,3978.30,10,3978.20,6,3978.10,10,3979.20,3,3979.30,3,3979.40,7,3979.50,4,3979.60,4,3979.70,14,3979.80,13,3979.90,11,3980.00,19,3980.10,16,Buy,63,87,150,-24.00,4.00,-32.00,2.70,74.1,3981.10,3981.30,3978.60,3979.10,91,59,150,32.00,33.00,1.00,1.20,0.0,57,162,0.0313,0.3333,-42.00,123.00,3991.79,-1.2888,DOWN,245.45,0.6111,1.9262
20260716 194732 891,3979.10,1,3979.00,3979.20,0.20,3979.00,1,3978.90,2,3978.80,3,3978.70,5,3978.60,6,3978.50,8,3978.40,6,3978.30,10,3978.20,6,3978.10,10,3979.20,3,3979.30,3,3979.40,7,3979.50,4,3979.60,4,3979.70,14,3979.80,13,3979.90,11,3980.00,19,3980.10,16,Buy,64,87,151,-23.00,4.00,-32.00,2.70,74.1,3981.10,3981.30,3978.60,3979.10,91,59,150,32.00,33.00,1.00,1.20,0.0,57,162,0.0313,0.3913,-41.00,124.00,3991.79,-1.2888,DOWN,245.45,0.6111,1.9262
20260716 194732 914,3979.10,1,3979.00,3979.20,0.20,3979.00,1,3978.90,2,3978.80,3,3978.70,5,3978.60,6,3978.50,8,3978.40,6,3978.30,10,3978.20,6,3978.10,10,3979.20,3,3979.30,3,3979.40,7,3979.50,4,3979.60,4,3979.70,14,3979.80,13,3979.90,11,3980.00,19,3980.10,16,Buy,65,87,152,-22.00,4.00,-32.00,2.70,74.1,3981.10,3981.30,3978.60,3979.10,91,59,150,32.00,33.00,1.00,1.20,0.0,57,162,0.0313,0.4545,-40.00,125.00,3991.79,-1.2888,DOWN,245.45,0.6111,1.9262
20260716 194732 914,3979.10,1,3979.00,3979.20,0.20,3979.00,1,3978.90,2,3978.80,3,3978.70,5,3978.60,6,3978.50,8,3978.40,6,3978.30,10,3978.20,6,3978.10,10,3979.20,3,3979.30,3,3979.40,7,3979.50,4,3979.60,4,3979.70,14,3979.80,13,3979.90,11,3980.00,19,3980.10,16,Buy,66,87,153,-21.00,4.00,-32.00,2.70,74.1,3981.10,3981.30,3978.60,3979.10,91,59,150,32.00,33.00,1.00,1.20,0.0,57,162,0.0313,0.5238,-39.00,126.00,3991.79,-1.2888,DOWN,245.45,0.6111,1.9262
20260716 194734 070,3979.00,1,3979.00,3979.20,0.20,3979.00,3,3978.90,2,3978.80,4,3978.70,6,3978.60,6,3978.50,8,3978.40,6,3978.30,10,3978.20,11,3978.10,10,3979.20,1,3979.30,4,3979.40,7,3979.50,4,3979.60,4,3979.70,14,3979.80,13,3979.90,11,3980.00,19,3980.10,16,Sell,66,88,154,-22.00,4.00,-32.00,2.70,77.8,3981.10,3981.30,3978.60,3979.00,91,59,150,32.00,33.00,1.00,1.20,0.0,57,162,0.0313,0.4545,-40.00,125.00,3991.78,-1.2920,DOWN,245.45,0.6111,1.9262
20260716 194734 098,3979.20,1,3979.10,3979.30,0.20,3979.10,4,3979.00,5,3978.90,2,3978.80,4,3978.70,6,3978.60,6,3978.50,8,3978.40,11,3978.30,15,3978.20,11,3979.30,2,3979.40,3,3979.50,2,3979.60,4,3979.70,4,3979.80,5,3979.90,13,3980.00,19,3980.10,16,3980.20,18,Buy,67,88,155,-21.00,4.00,-32.00,2.70,70.4,3981.10,3981.30,3978.60,3979.20,91,59,150,32.00,33.00,1.00,1.20,0.0,57,162,0.0313,0.5238,-39.00,126.00,3991.80,-1.2856,DOWN,245.45,0.6111,1.9262
20260716 194734 100,3979.30,1,3979.10,3979.30,0.20,3979.10,4,3979.00,5,3978.90,2,3978.80,4,3978.70,6,3978.60,6,3978.50,8,3978.40,11,3978.30,15,3978.20,11,3979.30,2,3979.40,3,3979.50,2,3979.60,4,3979.70,4,3979.80,5,3979.90,13,3980.00,19,3980.10,16,3980.20,18,Buy,68,88,156,-20.00,4.00,-32.00,2.70,66.7,3981.10,3981.30,3978.60,3979.30,91,59,150,32.00,33.00,1.00,1.20,0.0,57,162,0.0313,0.6000,-38.00,127.00,3991.81,-1.2824,DOWN,245.45,0.6111,1.9262
20260716 194734 101,3979.30,1,3979.10,3979.30,0.20,3979.10,4,3979.00,5,3978.90,2,3978.80,4,3978.70,6,3978.60,6,3978.50,8,3978.40,11,3978.30,15,3978.20,11,3979.30,2,3979.40,3,3979.50,2,3979.60,4,3979.70,4,3979.80,5,3979.90,13,3980.00,19,3980.10,16,3980.20,18,Buy,69,88,157,-19.00,4.00,-32.00,2.70,66.7,3981.10,3981.30,3978.60,3979.30,91,59,150,32.00,33.00,1.00,1.20,0.0,57,162,0.0313,0.6842,-37.00,128.00,3991.81,-1.2824,DOWN,245.45,0.6111,1.9262
20260716 194734 181,3979.20,1,3979.00,3979.30,0.30,3979.00,3,3978.90,2,3978.80,4,3978.70,6,3978.60,6,3978.50,7,3978.40,12,3978.30,15,3978.20,11,3978.10,10,3979.30,4,3979.40,3,3979.50,2,3979.60,4,3979.70,4,3979.80,5,3979.90,13,3980.00,19,3980.10,17,3980.20,17,Buy,70,88,158,-18.00,4.00,-32.00,2.70,70.4,3981.10,3981.30,3978.60,3979.20,91,59,150,32.00,33.00,1.00,1.20,0.0,57,162,0.0313,0.7778,-36.00,129.00,3991.80,-1.2856,DOWN,245.45,0.6111,1.9262
20260716 194737 383,3978.90,1,3978.60,3978.80,0.20,3978.60,2,3978.50,7,3978.40,6,3978.30,10,3978.20,6,3978.10,5,3978.00,13,3977.90,12,3977.80,11,3977.70,8,3978.80,2,3978.90,4,3979.00,4,3979.10,5,3979.20,3,3979.30,4,3979.40,4,3979.50,2,3979.60,14,3979.70,15,Sell,70,89,159,-19.00,4.00,-32.00,2.70,81.5,3981.10,3981.30,3978.60,3978.90,91,59,150,32.00,33.00,1.00,1.20,0.0,57,162,0.0313,0.6842,-37.00,128.00,3991.77,-1.2951,DOWN,245.45,0.6111,1.9262
20260716 194738 829,3978.60,1,3978.50,3978.70,0.20,3978.60,1,3978.50,5,3978.40,6,3978.30,10,3978.20,7,3978.10,5,3978.00,8,3977.90,12,3977.80,10,3977.70,8,3978.70,1,3978.80,2,3978.90,4,3979.00,4,3979.10,5,3979.20,3,3979.30,4,3979.40,4,3979.50,12,3979.60,14,Sell,70,90,160,-20.00,4.00,-32.00,2.70,92.6,3981.10,3981.30,3978.60,3978.60,91,59,150,32.00,33.00,1.00,1.20,0.0,57,162,0.0313,0.6000,-38.00,127.00,3991.74,-1.3047,DOWN,245.45,0.6111,1.9262
20260716 194738 830,3978.50,2,3978.50,3978.70,0.20,3978.60,1,3978.50,5,3978.40,6,3978.30,10,3978.20,7,3978.10,5,3978.00,8,3977.90,12,3977.80,10,3977.70,8,3978.70,1,3978.80,2,3978.90,4,3979.00,4,3979.10,5,3979.20,3,3979.30,4,3979.40,4,3979.50,12,3979.60,14,Sell,70,92,162,-22.00,4.00,-32.00,2.80,92.9,3981.10,3981.30,3978.50,3978.50,91,59,150,32.00,33.00,1.00,1.20,0.0,57,162,0.0313,0.4545,-40.00,125.00,3991.74,-1.3078,DOWN,245.45,0.6111,1.9333
20260716 194738 830,3978.50,1,3978.50,3978.70,0.20,3978.60,1,3978.50,5,3978.40,6,3978.30,10,3978.20,7,3978.10,5,3978.00,8,3977.90,12,3977.80,10,3977.70,8,3978.70,1,3978.80,2,3978.90,4,3979.00,4,3979.10,5,3979.20,3,3979.30,4,3979.40,4,3979.50,12,3979.60,14,Sell,70,93,163,-23.00,4.00,-32.00,2.80,92.9,3981.10,3981.30,3978.50,3978.50,91,59,150,32.00,33.00,1.00,1.20,0.0,57,162,0.0313,0.3913,-41.00,124.00,3991.74,-1.3078,DOWN,245.45,0.6111,1.9333
20260716 194738 830,3978.50,1,3978.50,3978.70,0.20,3978.60,1,3978.50,5,3978.40,6,3978.30,10,3978.20,7,3978.10,5,3978.00,8,3977.90,12,3977.80,10,3977.70,8,3978.70,1,3978.80,2,3978.90,4,3979.00,4,3979.10,5,3979.20,3,3979.30,4,3979.40,4,3979.50,12,3979.60,14,Sell,70,94,164,-24.00,4.00,-32.00,2.80,92.9,3981.10,3981.30,3978.50,3978.50,91,59,150,32.00,33.00,1.00,1.20,0.0,57,162,0.0313,0.3333,-42.00,123.00,3991.74,-1.3078,DOWN,245.45,0.6111,1.9333
20260716 194738 836,3978.40,1,3978.40,3978.60,0.20,3978.40,3,3978.30,6,3978.20,5,3978.10,6,3978.00,9,3977.90,7,3977.80,10,3977.70,8,3977.60,8,3977.50,11,3978.60,1,3978.70,3,3978.80,4,3978.90,4,3979.00,4,3979.10,5,3979.20,3,3979.30,15,3979.40,3,3979.50,1,Sell,70,95,165,-25.00,4.00,-32.00,2.90,93.1,3981.10,3981.30,3978.40,3978.40,91,59,150,32.00,33.00,1.00,1.20,0.0,57,162,0.0313,0.2800,-43.00,122.00,3991.73,-1.3110,DOWN,245.45,0.6111,1.9405
20260716 194738 991,3978.40,1,3978.40,3978.60,0.20,3978.30,5,3978.20,5,3978.10,6,3978.00,8,3977.90,8,3977.80,11,3977.70,8,3977.60,8,3977.50,11,3977.40,9,3978.50,2,3978.60,4,3978.70,3,3978.80,4,3978.90,4,3979.00,4,3979.10,5,3979.20,4,3979.30,14,3979.40,13,Sell,70,96,166,-26.00,4.00,-32.00,2.90,93.1,3981.10,3981.30,3978.40,3978.40,91,59,150,32.00,33.00,1.00,1.20,0.0,57,162,0.0313,0.2308,-44.00,121.00,3991.73,-1.3110,DOWN,245.45,0.6111,1.9405
20260716 194740 058,3978.50,1,3978.40,3978.50,0.10,3978.40,1,3978.30,6,3978.20,6,3978.10,6,3978.00,9,3977.90,8,3977.80,10,3977.70,8,3977.60,8,3977.50,11,3978.50,1,3978.60,2,3978.70,3,3978.80,4,3978.90,4,3979.00,4,3979.10,5,3979.20,3,3979.30,14,3979.40,13,Buy,71,96,167,-25.00,4.00,-32.00,2.90,89.7,3981.10,3981.30,3978.40,3978.50,91,59,150,32.00,33.00,1.00,1.20,0.0,57,162,0.0313,0.2800,-43.00,122.00,3991.74,-1.3078,DOWN,245.45,0.6111,1.9405
20260716 194741 053,3978.60,1,3978.50,3978.70,0.20,3978.50,3,3978.40,6,3978.30,9,3978.20,6,3978.10,6,3978.00,8,3977.90,8,3977.80,11,3977.70,8,3977.60,8,3978.70,2,3978.80,4,3978.90,4,3979.00,4,3979.10,5,3979.20,3,3979.30,14,3979.40,13,3979.50,11,3979.60,14,Sell,71,97,168,-26.00,4.00,-32.00,2.90,86.2,3981.10,3981.30,3978.40,3978.60,91,59,150,32.00,33.00,1.00,1.20,0.0,57,162,0.0313,0.2308,-44.00,121.00,3991.74,-1.3047,DOWN,245.45,0.6111,1.9405
20260716 194741 053,3978.60,1,3978.50,3978.70,0.20,3978.50,3,3978.40,6,3978.30,9,3978.20,6,3978.10,6,3978.00,8,3977.90,8,3977.80,11,3977.70,8,3977.60,8,3978.70,2,3978.80,4,3978.90,4,3979.00,4,3979.10,5,3979.20,3,3979.30,14,3979.40,13,3979.50,11,3979.60,14,Sell,71,98,169,-27.00,4.00,-32.00,2.90,86.2,3981.10,3981.30,3978.40,3978.60,91,59,150,32.00,33.00,1.00,1.20,0.0,57,162,0.0313,0.1852,-45.00,120.00,3991.74,-1.3047,DOWN,245.45,0.6111,1.9405
20260716 194741 643,3978.70,1,3978.60,3978.70,0.10,3978.60,2,3978.50,3,3978.40,6,3978.30,9,3978.20,6,3978.10,6,3978.00,9,3977.90,13,3977.80,10,3977.70,8,3978.80,2,3978.90,4,3979.00,4,3979.10,5,3979.20,3,3979.30,4,3979.40,13,3979.50,11,3979.60,14,3979.70,15,Buy,72,98,170,-26.00,4.00,-32.00,2.90,82.8,3981.10,3981.30,3978.40,3978.70,91,59,150,32.00,33.00,1.00,1.20,0.0,57,162,0.0313,0.2308,-44.00,121.00,3991.75,-1.3015,DOWN,245.45,0.6111,1.9405
20260716 194741 983,3978.60,1,3978.60,3978.80,0.20,3978.60,2,3978.50,3,3978.40,7,3978.30,9,3978.20,6,3978.10,6,3978.00,9,3977.90,13,3977.80,10,3977.70,8,3978.80,2,3978.90,4,3979.00,4,3979.10,5,3979.20,3,3979.30,4,3979.40,13,3979.50,11,3979.60,14,3979.70,15,Sell,72,99,171,-27.00,4.00,-32.00,2.90,86.2,3981.10,3981.30,3978.40,3978.60,91,59,150,32.00,33.00,1.00,1.20,0.0,57,162,0.0313,0.1852,-45.00,120.00,3991.74,-1.3047,DOWN,245.45,0.6111,1.9405
20260716 194745 779,3978.90,1,3978.80,3979.10,0.30,3978.80,3,3978.70,4,3978.60,4,3978.50,4,3978.40,7,3978.30,9,3978.20,6,3978.10,11,3978.00,13,3977.90,13,3979.10,2,3979.20,3,3979.30,4,3979.40,3,3979.50,1,3979.60,14,3979.70,14,3979.80,15,3979.90,14,3980.00,20,Sell,72,100,172,-28.00,4.00,-32.00,2.90,75.9,3981.10,3981.30,3978.40,3978.90,91,59,150,32.00,33.00,1.00,1.20,0.0,57,162,0.0313,0.1429,-46.00,119.00,3991.77,-1.2951,DOWN,245.45,0.6111,1.9405
20260716 194745 779,3978.80,1,3978.80,3979.10,0.30,3978.80,3,3978.70,4,3978.60,4,3978.50,4,3978.40,7,3978.30,9,3978.20,6,3978.10,11,3978.00,13,3977.90,13,3979.10,2,3979.20,3,3979.30,4,3979.40,3,3979.50,1,3979.60,14,3979.70,14,3979.80,15,3979.90,14,3980.00,20,Sell,72,101,173,-29.00,4.00,-32.00,2.90,79.3,3981.10,3981.30,3978.40,3978.80,91,59,150,32.00,33.00,1.00,1.20,0.0,57,162,0.0313,0.1034,-47.00,118.00,3991.76,-1.2983,DOWN,245.45,0.6111,1.9405
20260716 194746 800,3979.00,1,3979.20,3979.50,0.30,3979.20,6,3979.10,5,3979.00,5,3978.90,3,3978.80,3,3978.70,5,3978.60,3,3978.50,9,3978.40,12,3978.30,12,3979.50,2,3979.60,5,3979.70,4,3979.80,5,3979.90,4,3980.00,9,3980.10,16,3980.20,17,3980.30,17,3980.40,19,Buy,73,101,174,-28.00,4.00,-32.00,2.90,72.4,3981.10,3981.30,3978.40,3979.00,91,59,150,32.00,33.00,1.00,1.20,0.0,57,162,0.0313,0.1429,-46.00,119.00,3991.78,-1.2920,DOWN,245.45,0.6111,1.9405
20260716 194746 806,3979.10,1,3979.20,3979.50,0.30,3979.20,6,3979.10,5,3979.00,5,3978.90,3,3978.80,3,3978.70,5,3978.60,3,3978.50,9,3978.40,12,3978.30,12,3979.50,2,3979.60,5,3979.70,4,3979.80,5,3979.90,4,3980.00,9,3980.10,16,3980.20,17,3980.30,17,3980.40,19,Buy,74,101,175,-27.00,4.00,-32.00,2.90,69.0,3981.10,3981.30,3978.40,3979.10,91,59,150,32.00,33.00,1.00,1.20,0.0,57,162,0.0313,0.1852,-45.00,120.00,3991.79,-1.2888,DOWN,245.45,0.6111,1.9405
20260716 194746 807,3979.10,1,3979.20,3979.50,0.30,3979.20,6,3979.10,5,3979.00,5,3978.90,3,3978.80,3,3978.70,5,3978.60,3,3978.50,9,3978.40,12,3978.30,12,3979.50,2,3979.60,5,3979.70,4,3979.80,5,3979.90,4,3980.00,9,3980.10,16,3980.20,17,3980.30,17,3980.40,19,Buy,75,101,176,-26.00,4.00,-32.00,2.90,69.0,3981.10,3981.30,3978.40,3979.10,91,59,150,32.00,33.00,1.00,1.20,0.0,57,162,0.0313,0.2308,-44.00,121.00,3991.79,-1.2888,DOWN,245.45,0.6111,1.9405
20260716 194746 808,3979.10,1,3979.20,3979.50,0.30,3979.20,6,3979.10,5,3979.00,5,3978.90,3,3978.80,3,3978.70,5,3978.60,3,3978.50,9,3978.40,12,3978.30,12,3979.50,2,3979.60,5,3979.70,4,3979.80,5,3979.90,4,3980.00,9,3980.10,16,3980.20,17,3980.30,17,3980.40,19,Buy,76,101,177,-25.00,4.00,-32.00,2.90,69.0,3981.10,3981.30,3978.40,3979.10,91,59,150,32.00,33.00,1.00,1.20,0.0,57,162,0.0313,0.2800,-43.00,122.00,3991.79,-1.2888,DOWN,245.45,0.6111,1.9405
20260716 194746 835,3979.20,1,3979.30,3979.50,0.20,3979.30,2,3979.20,4,3979.10,5,3979.00,5,3978.90,4,3978.80,3,3978.70,4,3978.60,3,3978.50,9,3978.40,12,3979.50,1,3979.60,4,3979.70,4,3979.80,5,3979.90,4,3980.00,9,3980.10,16,3980.20,17,3980.30,17,3980.40,18,Buy,77,101,178,-24.00,4.00,-32.00,2.90,65.5,3981.10,3981.30,3978.40,3979.20,91,59,150,32.00,33.00,1.00,1.20,0.0,57,162,0.0313,0.3333,-42.00,123.00,3991.80,-1.2856,DOWN,245.45,0.6111,1.9405
20260716 194746 837,3979.30,1,3979.30,3979.50,0.20,3979.30,2,3979.20,4,3979.10,5,3979.00,5,3978.90,4,3978.80,3,3978.70,4,3978.60,3,3978.50,9,3978.40,12,3979.50,1,3979.60,4,3979.70,4,3979.80,5,3979.90,4,3980.00,9,3980.10,16,3980.20,17,3980.30,17,3980.40,18,Buy,78,101,179,-23.00,4.00,-32.00,2.90,62.1,3981.10,3981.30,3978.40,3979.30,91,59,150,32.00,33.00,1.00,1.20,0.0,57,162,0.0313,0.3913,-41.00,124.00,3991.81,-1.2824,DOWN,245.45,0.6111,1.9405
20260716 194746 837,3979.30,1,3979.30,3979.50,0.20,3979.30,2,3979.20,4,3979.10,5,3979.00,5,3978.90,4,3978.80,3,3978.70,4,3978.60,3,3978.50,9,3978.40,12,3979.50,1,3979.60,4,3979.70,4,3979.80,5,3979.90,4,3980.00,9,3980.10,16,3980.20,17,3980.30,17,3980.40,18,Buy,79,101,180,-22.00,4.00,-32.00,2.90,62.1,3981.10,3981.30,3978.40,3979.30,91,59,150,32.00,33.00,1.00,1.20,0.0,57,162,0.0313,0.4545,-40.00,125.00,3991.81,-1.2824,DOWN,245.45,0.6111,1.9405
20260716 194747 359,3979.40,1,3979.30,3979.40,0.10,3979.30,1,3979.20,6,3979.10,5,3979.00,5,3978.90,4,3978.80,2,3978.70,4,3978.60,3,3978.50,9,3978.40,12,3979.60,3,3979.70,4,3979.80,5,3979.90,4,3980.00,9,3980.10,6,3980.20,17,3980.30,17,3980.40,18,3980.50,15,Buy,80,101,181,-21.00,4.00,-32.00,2.90,58.6,3981.10,3981.30,3978.40,3979.40,91,59,150,32.00,33.00,1.00,1.20,0.0,57,162,0.0313,0.5238,-39.00,126.00,3991.82,-1.2793,DOWN,245.45,0.6111,1.9405
20260716 194747 534,3979.20,1,3979.20,3979.40,0.20,3979.20,3,3979.10,5,3979.00,5,3978.90,3,3978.80,3,3978.70,4,3978.60,11,3978.50,12,3978.40,13,3978.30,12,3979.40,2,3979.50,4,3979.60,6,3979.70,4,3979.80,5,3979.90,4,3980.00,10,3980.10,6,3980.20,17,3980.30,17,Sell,80,102,182,-22.00,4.00,-32.00,2.90,65.5,3981.10,3981.30,3978.40,3979.20,91,59,150,32.00,33.00,1.00,1.20,0.0,57,162,0.0313,0.4545,-40.00,125.00,3991.80,-1.2856,DOWN,245.45,0.6111,1.9405
20260716 194748 517,3979.20,1,3979.00,3979.20,0.20,3979.00,2,3978.90,3,3978.80,2,3978.70,4,3978.60,4,3978.50,4,3978.40,7,3978.30,7,3978.20,11,3978.10,11,3979.20,2,3979.30,4,3979.40,6,3979.50,5,3979.60,6,3979.70,4,3979.80,5,3979.90,4,3980.00,20,3980.10,16,Sell,80,103,183,-23.00,4.00,-32.00,2.90,65.5,3981.10,3981.30,3978.40,3979.20,91,59,150,32.00,33.00,1.00,1.20,0.0,57,162,0.0313,0.3913,-41.00,124.00,3991.80,-1.2856,DOWN,245.45,0.6111,1.9405
20260716 194748 868,3979.20,1,3978.90,3979.10,0.20,3978.90,3,3978.80,2,3978.70,4,3978.60,3,3978.50,4,3978.40,8,3978.30,7,3978.20,11,3978.10,11,3978.00,12,3979.10,1,3979.20,4,3979.30,4,3979.40,6,3979.50,5,3979.60,6,3979.70,4,3979.80,6,3979.90,14,3980.00,19,Buy,81,103,184,-22.00,4.00,-32.00,2.90,65.5,3981.10,3981.30,3978.40,3979.20,91,59,150,32.00,33.00,1.00,1.20,0.0,57,162,0.0313,0.4545,-40.00,125.00,3991.80,-1.2856,DOWN,245.45,0.6111,1.9405
20260716 194749 265,3978.70,1,3978.70,3978.90,0.20,3978.70,4,3978.60,4,3978.50,3,3978.40,6,3978.30,7,3978.20,6,3978.10,6,3978.00,13,3977.90,12,3977.80,10,3978.90,2,3979.00,4,3979.10,4,3979.20,4,3979.30,4,3979.40,6,3979.50,5,3979.60,6,3979.70,14,3979.80,15,Sell,81,104,185,-23.00,4.00,-32.00,2.90,82.8,3981.10,3981.30,3978.40,3978.70,91,59,150,32.00,33.00,1.00,1.20,0.0,57,162,0.0313,0.3913,-41.00,124.00,3991.75,-1.3015,DOWN,245.45,0.6111,1.9405
20260716 194749 265,3978.60,1,3978.70,3978.90,0.20,3978.70,4,3978.60,4,3978.50,3,3978.40,6,3978.30,7,3978.20,6,3978.10,6,3978.00,13,3977.90,12,3977.80,10,3978.90,2,3979.00,4,3979.10,4,3979.20,4,3979.30,4,3979.40,6,3979.50,5,3979.60,6,3979.70,14,3979.80,15,Sell,81,105,186,-24.00,4.00,-32.00,2.90,86.2,3981.10,3981.30,3978.40,3978.60,91,59,150,32.00,33.00,1.00,1.20,0.0,57,162,0.0313,0.3333,-42.00,123.00,3991.74,-1.3047,DOWN,245.45,0.6111,1.9405
20260716 194749 641,3978.70,1,3978.30,3978.40,0.10,3978.30,2,3978.20,4,3978.10,5,3978.00,8,3977.90,7,3977.80,5,3977.70,2,3977.60,3,3977.50,11,3977.40,9,3978.40,2,3978.50,3,3978.60,6,3978.70,7,3978.80,4,3978.90,7,3979.00,7,3979.10,5,3979.20,16,3979.30,14,Sell,81,106,187,-25.00,4.00,-32.00,2.90,82.8,3981.10,3981.30,3978.40,3978.70,91,59,150,32.00,33.00,1.00,1.20,0.0,57,162,0.0313,0.2800,-43.00,122.00,3991.75,-1.3015,DOWN,245.45,0.6111,1.9405
20260716 194749 642,3978.70,1,3978.30,3978.40,0.10,3978.30,2,3978.20,4,3978.10,5,3978.00,8,3977.90,7,3977.80,5,3977.70,2,3977.60,3,3977.50,11,3977.40,9,3978.40,2,3978.50,3,3978.60,6,3978.70,7,3978.80,4,3978.90,7,3979.00,7,3979.10,5,3979.20,16,3979.30,14,Sell,81,107,188,-26.00,4.00,-32.00,2.90,82.8,3981.10,3981.30,3978.40,3978.70,91,59,150,32.00,33.00,1.00,1.20,0.0,57,162,0.0313,0.2308,-44.00,121.00,3991.75,-1.3015,DOWN,245.45,0.6111,1.9405
20260716 194749 646,3978.40,1,3978.30,3978.40,0.10,3978.30,2,3978.20,4,3978.10,5,3978.00,8,3977.90,7,3977.80,5,3977.70,2,3977.60,3,3977.50,11,3977.40,9,3978.40,2,3978.50,3,3978.60,6,3978.70,7,3978.80,4,3978.90,7,3979.00,7,3979.10,5,3979.20,16,3979.30,14,Sell,81,108,189,-27.00,4.00,-32.00,2.90,93.1,3981.10,3981.30,3978.40,3978.40,91,59,150,32.00,33.00,1.00,1.20,0.0,57,162,0.0313,0.1852,-45.00,120.00,3991.73,-1.3110,DOWN,245.45,0.6111,1.9405
